3542 5634
680 484 860 548 LIBER
906 484 930 548 I.

282 669 489 754 Campanum
511 669 546 732 11
570 669 740 751 morbum,
765 670 800 733 in
824 669 941 734 faciem
965 671 1129 756 permulta
1151 672 1295 752 iocatus,

282 775 452 837 Pastorem
477 771 612 837 saltaret
633 772 683 836 uti
708 773 851 858 Cyclopa
873 774 1028 858 rogabat:

281 874 339 938 Nil
361 875 413 938 illi
436 875 527 939 larva
550 882 608 939 aut
631 876 764 960 tragicis
792 898 873 961 opus
899 898 969 942 esse
993 877 1170 942 cothurnis.

281 977 390 1042 Multa
413 978 554 1044 Cicinus
579 979 620 1043 ad
644 980 741 1044 haec:
766 980 922 1045 donasset
944 981 1054 1046 iamne
1077 986 1227 1045 catenam

282 1079 336 1143 Ex
357 1085 435 1145 voto
460 1081 615 1163 Laribus,
642 1083 832 1166 quaerebat:
858 1082 965 1147 scriba
988 1083 1074 1167 quod
1097 1088 1197 1164 esset,

280 1182 432 1248 Deterius
456 1184 561 1248 nihilo
584 1184 736 1250 dominae
759 1185 810 1250 ius
834 1208 913 1250 esse.
953 1185 1113 1270 ¹Rogabat

283 1286 447 1371 Denique,
472 1309 529 1351 cur
550 1309 708 1372 umquam
723 1287 888 1373 -fugisset,
913 1288 966 1353 cui
991 1288 1072 1353 satis
1096 1309 1163 1352 una

283 1388 392 1454 Farris
416 1389 501 1454 libra
522 1389 623 1472 foret,
647 1390 763 1474 gracili
787 1391 834 1456 sic
857 1398 990 1476 tamque
1013 1390 1154 1476 pusillo?

284 1493 420 1556 Prorsus
444 1491 585 1556 iucunde
610 1514 744 1557 coenam
768 1494 982 1579 produximus
1007 1493 1109 1558 illam.
1380 1575 1384 1588 Ι

283 1594 459 1660 Tendimus
482 1593 559 1658 hino
582 1600 670 1660 recta
694 1596 938 1680 Beneventum,
964 1596 1021 1661 ubi
1045 1595 1177 1662 sedulus
1201 1596 1320 1680 hospes

284 1699 392 1763 Paene
415 1719 540 1762 macros
565 1698 646 1763 arsit
670 1699 750 1762 dum
773 1701 886 1765 turdos
909 1704 1019 1765 versat
1042 1700 1076 1763 in
1101 1699 1188 1784 igni:

283 1801 370 1865 Nam
392 1821 478 1884 vaga
501 1823 560 1885 per
581 1806 725 1866 veterem
748 1802 875 1887 dilapso
899 1803 1033 1867 flamma
1056 1793 1201 1868 culinam

283 1901 431 1968 Vulcano
455 1924 622 1968 summum
645 1905 839 1990 properabat
861 1905 1005 1970 lambere
1028 1911 1161 1970 tectum.

284 2005 447 2072 Convivas
471 2006 584 2071 avidos
608 2029 743 2072 coenam
766 2029 939 2093 servosque
962 2008 1117 2074 timentes

283 2109 367 2174 Tum
388 2130 501 2193 rapere
527 2114 625 2194 atque
649 2131 761 2174 omnes
785 2109 989 2194 restinguere
1012 2110 1096 2175 velle
1119 2107 1254 2175 videres.

285 2212 409 2298 Incipit
431 2234 472 2276 ex
494 2212 552 2277 illo
575 2218 703 2278 montes
727 2213 874 2299 Appulia
897 2219 992 2280 notos

287 2317 460 2383 Ostentare
483 2317 583 2400 mihi,
609 2339 690 2402 quos
715 2324 816 2383 torret
838 2318 1004 2383 Atabulus
1027 2323 1061 2383 et
1083 2338 1164 2403 quos

286 2421 478 2505 Numquam
501 2442 704 2506 erepsemus,
729 2421 795 2486 nisi
819 2443 878 2486 nos
902 2421 1011 2486 vicina
1033 2419 1152 2485 Trivici

285 2523 376 2588 Villa
399 2524 589 2609 recepisset,
614 2525 795 2609 lacrymoso
819 2548 886 2590 non
912 2525 983 2590 sine
1005 2525 1112 2608 fumo,

212 2641 218 2648 '
286 2626 378 2693 Udos
402 2649 476 2692 cum
499 2627 589 2693 foliis
613 2650 722 2694 ramos
744 2634 860 2694 urente
884 2629 1022 2695 camino.

287 2730 351 2794 Hic
375 2751 435 2816 ego
458 2732 649 2796 mendacem
673 2732 891 2798 stultissimus
916 2755 1019 2818 usque
1041 2731 1187 2818 puellam

286 2833 341 2898 Ad
363 2833 506 2899 mediam
531 2840 661 2900 noctem
686 2842 848 2921 exspecto.
898 2837 1039 2903 Somnus
1063 2841 1175 2900 tamen
1199 2833 1305 2898 aufert

288 2937 460 3002 Intentum
483 2937 621 3002 Veneri:
645 2942 718 3002 tum
741 2939 913 3004 immundo
937 2938 1065 3004 somnia
1087 2938 1162 3002 visu

287 3041 491 3103 Nocturnam
514 3042 640 3102 vestem
663 3040 832 3104 maculant
854 3044 1065 3123 ventremque
1089 3038 1253 3123 supinum.

288 3141 451 3220 Quattuor
472 3140 550 3204 hinc
579 3140 726 3225 rapimur
746 3141 868 3227 viginti
892 3146 925 3206 et
947 3140 1055 3205 millia
1076 3140 1204 3221 rhedis,

287 3244 437 3310 Mansuri
462 3245 635 3332 oppidulo,
661 3247 748 3331 quod
770 3269 868 3312 versu
891 3247 996 3312 dicere
1020 3267 1086 3310 non
1110 3249 1176 3327 est,

241 3372 269 3419 in
285 3371 367 3419 media
383 3371 464 3420 fronte
479 3372 545 3422 inter
561 3374 626 3436 ipsos
641 3375 722 3423 crines
738 3391 790 3423 rna·
834 3374 1066 3439 ὑπογλαὺσσοντα;
1088 3379 1113 3422 01
1130 3379 1186 3420 ante
1202 3370 1384 3421 Callimachum

242 3451 300 3498 cula
316 3452 435 3510 rotunda,
452 3452 560 3500 0111111111
571 3454 647 3500 nuda.
665 3455 722 3518 Ego
733 3469 790 3504 oon·
834 3451 936 3502 Hesicd.
953 3452 980 3499 in
997 3452 1093 3514 Theog.
1120 3451 1223 3506 Μοῦνος
1246 3447 1266 3497 δ’
1285 3449 1383 3513 ὀφθαλ-

243 3530 366 3579 iiciebam:
385 3533 499 3580 Selorum
515 3533 598 3594 clypei
608 3531 725 3595 frontem
736 3539 791 3582 tur·
834 3532 881 3596 μὸς
898 3529 981 3595 μέσσῳ
999 3529 1020 3578 δ’
1032 3529 1140 3580 ἐπέκειτο
1153 3527 1291 3593 προσώπῳ.
1309 3527 1384 3588 virg.

240 3617 350 3672 0111ον01
365 3613 429 3660 crde.
456 3611 532 3662 Recte
554 3613 623 3660 orbis
647 3613 741 3674 clypei,
763 3619 793 3660 ut
834 3610 885 3658 III.
904 3609 969 3658 Aen.
987 3607 1044 3657 635.
1063 3610 1112 3657 telo
1129 3609 1211 3656 lamen
1229 3608 1384 3654 terebramus

244 3689 338 3752 Virgil.
363 3690 429 3738 Aen.
446 3689 482 3738 Π.
507 3689 564 3742 227.
590 3692 721 3753 clypeique
746 3694 793 3740 100
835 3693 910 3739 arato
936 3689 1040 3750 Ingens,
1066 3687 1132 3750 qaod
1155 3691 1228 3734 torua
1243 3687 1323 3736 solum
1339 3686 1386 3733 aab

243 3771 302 3818 orbe
313 3774 441 3831 1101111111,
475 3768 584 3818 Cicirrus
602 3776 685 3818 autern
702 3771 792 3819 11111111
830 3766 922 3830 fronte
951 3769 1059 3826 latebat,
1089 3767 1201 3830 Aryob'ci
1226 3767 1307 3828 clypei
1339 3769 1386 3813 aar

244 3854 298 3895 erat
314 3847 425 3912 Cyclopi.
437 3850 498 3898 Ideo
514 3844 792 3912 111011ομ11111σὶ-
837 3848 966 3896 Phoebeae
982 3847 1108 3908 lampadis
1124 3847 1215 3894 instar.
1249 3844 1300 3892 Ubi
1321 3849 1386 3892 10010

245 3931 313 3976 taret
332 3929 455 3990 Cyclopa,
472 3942 553 3991 neque
574 3943 635 3992 opus
652 3943 706 3978 0111
721 3929 793 3978 larva
836 3925 965 3974 Donatus:
992 3927 1100 3982 latebat,
1127 3923 1223 3986 capillis
1248 3921 1385 3982 tegebatur.

243 4012 268 4054 et
293 4005 428 4055 cothurnis.
465 4007 608 4057 Similitudo
632 4009 792 4070 praesertim,
837 4003 911 4054 Ovid.
933 4003 1036 4053 Metam.
1054 4003 1132 4051 XIII.
1153 4001 1209 4051 851.
1232 3999 1339 4062 Cyclops
1356 3999 1386 4046 de

243 4083 295 4132 nisi
309 4087 388 4144 unice,
404 4074 593 4150 spectabaturin
608 4094 688 4136 setosa
704 4085 793 4144 fronte,
837 4081 1001 4145 reloquitur:
1020 4083 1108 4130 Barba
1121 4083 1197 4138 viros,
1208 4080 1338 4140 hirtaeque
1346 4079 1386 4125 de·

244 4172 269 4213 et
293 4164 406 4215 cicatrice
424 4168 542 4225 rotunda,
567 4167 646 4215 instar
676 4166 743 4214 oculi
766 4167 793 4214 in
837 4167 895 4211 cent
915 4163 944 4209 ia
969 4175 1071 4222 corpore
1092 4165 1166 4208 retae.
1205 4159 1290 4206 Unam
1307 4161 1343 4204 est
1358 4157 1386 4204 iu

244 4245 325 4293 fronte
344 4245 476 4309 conspicui.
510 4245 597 4294 Talem
620 4245 720 4293 vultum
736 4248 793 4308 000-
838 4242 919 4289 media
936 4241 1019 4288 lamen
1036 4239 1098 4286 mibi
1117 4237 1220 4300 fronte,
1243 4236 1386 4284 recinatur

244 4331 285 4372 tae
301 4324 328 4372 in
350 4323 499 4387 Cyclopibus
521 4323 669 4373 describunt.
695 4323 792 4374 Gallim.
838 4319 956 4382 Ingentis
972 4319 1060 4380 clypei.
1094 4315 1219 4379 Exempla
1243 4315 1291 4362 1111
1315 4321 1386 4366 erant

245 4403 278 4452 H.
295 4404 370 4452 Dian.
388 4406 428 4454 53.
455 4402 498 4452 ὑπ’
516 4404 595 4468 ὀφρῦν
620 4402 688 4452 Φάεα
704 4404 793 4466 pocat-
838 4399 951 4463 cognita,
976 4399 1019 4448 scd
1044 4396 1204 4446 adscribenda
1228 4394 1327 4458 putavi,
1358 4399 1386 4440 11

246 4482 343 4545 γληνα,
362 4483 429 4532 σάκει
452 4483 496 4531 ἴσα
519 4481 671 4546 τετραβοείῳ
705 4482 794 4530 Δεινὸν
838 4479 1049 4529 coniecturarum
1071 4474 1231 4526 verosimilior
1248 4481 1384 4537 appareret.

1197 4558 1245 4617 4*
