3542 5634
688 505 871 569 LIBER
917 505 941 569 Ι.

295 691 346 755 iix
370 713 404 756 re
423 689 569 777 praeberi
593 694 744 773 sumptus
768 687 1018 753 mihi'crederet
1034 688 1119 754 illos.

295 795 370 879 lpse
389 793 472 857 mihi
494 797 604 858 custos
627 791 930 876 incorruptissimus
956 812 1068 856 omnes

296 897 427 962 Circum
452 897 599 962 doctores
618 895 738 960 aderat.
787 894 873 973 Quid
897 894 1023 960 multa?
1047 895 1221 979 pudicum,

295 999 360 1079 oui
380 999 506 1085 primus
529 998 662 1064 virtutis
684 983 810 1079 honos,
835 997 979 1062 servavit
1001 998 1042 1062 ab
1064 999 1154 1062 omni

296 1105 371 1168 Non
394 1103 501 1168 solum
522 1102 627 1184 fecto,
651 1122 765 1166 verum
783 1101 955 1185 opprobrio
979 1122 1106 1186 quoque
1129 1101 1233 1185 turpi,

296 1207 365 1271 Nec
387 1206 520 1289 timuit,
542 1205 606 1270 sibi
631 1203 773 1268 novitio
797 1203 870 1289 quis
892 1208 1047 1286 verteret,
1071 1204 1152 1271 clim

296 1309 331 1376 si
354 1330 469 1395 praeco
495 1329 612 1394 parvas
636 1311 711 1388 aut,
735 1311 774 1370 ut
794 1305 860 1371 suit
882 1306 969 1391 ipsc,
994 1312 1122 1372 coactor

250 1424 368 1480 υὶάίεεείς
395 1421 538 1480 Bentleius,
559 1423 583 1470 si
598 1423 654 1483 qui,
673 1420 720 1482 (ita
735 1419 798 1482 legit
838 1419 955 1468 Fortasse
969 1419 1152 1483 legendumzin
1163 1435 1251 1483 neuque
1262 1426 1291 1470 ut
1300 1437 1387 1483 puero.

251 1517 283 1551 ex
305 1502 379 1553 MSS.
400 1517 446 1564 pro
466 1503 533 1566 quis)
557 1507 587 1549 at
608 1501 636 1548 in
651 1516 741 1562 meno
755 1515 797 1563 po·
840 1499 868 1549 Si
887 1500 942 1563 quis
965 1499 1066 1549 vidisset
1088 1506 1182 1548 vestem
1203 1506 1228 1548 et
1250 1514 1333 1548 servos
1351 1515 1387 1549 se·

250 1583 322 1642 palo,
347 1581 456 1630 vidisset.
495 1581 595 1630 Laudat
624 1580 712 1628 deinde
738 1579 798 1630 Ovi·
839 1588 955 1642 quentes,
984 1586 1012 1626 ut
1040 1579 1126 1642 magni
1153 1579 1223 1641 pueri
1250 1579 1390 1628 vestiuntur

251 1661 337 1708 diana:
365 1662 485 1725 Siquis,
506 1667 536 1710 ut
553 1663 581 1709 in
594 1661 699 1722 populo,
717 1661 800 1707 nostri
839 1672 930 1721 cosque
952 1658 1017 1707 servi
1038 1665 1175 1722 sequuntur
1196 1659 1295 1706 honoris
1312 1666 1336 1708 et
1352 1674 1388 1708 sc-

250 1753 301 1788 non
328 1742 457 1790 immemor
481 1741 542 1790 illic.
584 1737 688 1801 Sulpicii
713 1737 799 1787 Severi
839 1737 950 1786 curitatis
962 1753 1060 1798 caussa,
1077 1737 1389 1796 diceret,mcexrcavita

251 1818 272 1866 Ι.
296 1819 337 1868 89.
371 1822 467 1870 Ninive
490 1822 562 1868 aleres
581 1821 695 1868 virorum
716 1817 799 1865 millia
840 1817 875 1865 sic
900 1817 996 1876 haberi,
1021 1831 1067 1867 nec
1088 1815 1208 1878 cogitaret
1237 1831 1290 1866 esse
1309 1817 1388 1866 filium

250 1905 350 1948 centum
365 1905 391 1947 et
401 1900 505 1960 vicissit,
521 1904 609 1960 utque,
626 1902 656 1944 ut
672 1899 700 1946 in
711 1911 799 1958 uroque
840 1897 963 1956 libertini,
980 1897 1047 1945 haud
1064 1897 1099 1945 ita
1116 1897 1205 1946 divitis.

248 1980 355 2040 populo,
371 1980 504 2026 comdant
520 1979 599 2026 vitiis.
623 1976 705 2024 Plura
715 1975 799 2023 huius·
872 1977 1025 2025 Doderliuus
1041 1977 1229 2038 interpretatur:
1253 1975 1390 2037 Venusiae,

251 2055 319 2104 modi
340 2055 452 2105 iuvenies
476 2057 543 2119 apud
564 2055 652 2104 Heius.
670 2061 694 2102 ct
709 2055 798 2104 Burni.
840 2070 918 2117 parvo
938 2055 1067 2118 oppidulo,
1090 2069 1174 2103 omnes
1196 2061 1277 2103 meet
1293 2061 1389 2116 patrem

251 2135 283 2182 ad
305 2132 377 2183 ovid.
399 2135 475 2185 Trist.
493 2135 515 2184 1.
532 2149 550 2182 1.
567 2140 592 2183 et
609 2133 706 2196 ubique.
739 2132 799 2181 Duo
840 2141 945 2192 norunt,
972 2135 1078 2194 Romae,
1104 2149 1197 2198 magua
1216 2134 1290 2193 urbe,
1315 2148 1388 2182 nemo

159 2262 164 2269 ,
250 2209 366 2277 exempla
382 2215 448 2277 apud
464 2214 598 2263 Heinsium
614 2212 719 2275 excipio,
734 2226 798 2275 quae
839 2228 880 2261 me
902 2214 985 2273 novit,
1011 2229 1084 2262 nemo
1105 2221 1201 2276 patrem
1221 2227 1319 2269 meum,
1344 2213 1389 2276 qui

250 2300 368 2363 corrupta
387 2300 452 2342 sunt.
486 2291 621 2354 Quaeritur
641 2291 702 2354 quid
723 2291 798 2354 signi-
840 2305 894 2349 me,
910 2293 981 2356 quasi
997 2300 1061 2342 esset
1076 2295 1234 2356 paedagogus
1246 2301 1290 2340 aut
1304 2307 1388 2355 capsa-

251 2371 310 2421 ficet
326 2379 356 2421 ut
372 2375 400 2421 in
415 2375 515 2436 populo.
544 2371 799 2434 Significatrespeeta
839 2372 905 2428 rius,
931 2374 1054 2436 sequitur:
1081 2373 1124 2435 qui
1148 2387 1188 2421 me
1213 2373 1298 2420 rident
1323 2373 1389 2421 inter

249 2454 352 2513 populi,
366 2468 415 2514 pro
430 2454 572 2502 consortem
589 2452 690 2513 populi,
710 2457 740 2498 ut
747 2451 799 2512 fit,
840 2465 945 2513 magnos
966 2442 1069 2516 pueros,
1091 2466 1227 2515 eorumque
1247 2459 1341 2500 restem
1363 2459 1387 2501 et

244 2530 308 2592 fieri
327 2533 404 2590 aoht,
427 2532 505 2579 aliter
521 2530 586 2592 fieri
604 2543 653 2578 uon
669 2535 751 2591 potest
771 2532 799 2578 in
839 2532 984 2580 comitatum
995 2530 1205 2594 contemplantur,
1221 2545 1262 2579 me
1277 2533 1386 2582 eiusdem

248 2612 354 2672 populo:
377 2610 440 2658 adde
466 2625 568 2672 nmque,
594 2615 632 2656 est
656 2610 683 2656 ia
706 2610 799 2670 populo
840 2610 987 2659 conditionis
1004 2625 1057 2660 esse
1073 2611 1183 2658 credunt.

251 2705 356 2751 nrapuae
380 2689 568 2748 urultitudim's,
592 2686 687 2735 illustri
711 2693 737 2734 et
756 2702 798 2749 po
874 2690 937 2753 Ipse
960 2691 1023 2738 vetat
1043 2695 1125 2738 custos
1145 2691 1387 2751 incorruptissimus.

250 2767 326 2825 tenti,
347 2773 377 2815 ut
397 2766 482 2816 Plaut.
504 2765 607 2814 Trucul
629 2766 651 2814 1.
672 2780 690 2813 1.
707 2765 748 2813 55.
768 2766 799 2814 de
841 2767 1040 2818 Commentator:
1057 2769 1128 2827 „Hoc
1142 2769 1170 2817 iu
1185 2783 1227 2818 eos
1238 2769 1331 2816 dietum
1343 2775 1388 2826 est,

251 2847 371 2895 Romanis
388 2847 512 2909 cogitans,
529 2853 663 2907 utrumque
679 2845 726 2892 hoc
742 2858 798 2893 con·
840 2847 883 2908 qui
908 2847 1045 2907 interdum,
1070 2856 1099 2897 ut
1122 2849 1280 2898 luxurientur
1304 2848 1388 2912 pueri,

250 2925 362 2974 iunxisse
378 2925 488 2974 videtur:
505 2927 533 2971 in
549 2939 640 2986 maqreo
654 2925 756 2985 populo,
771 2924 799 2970 in
841 2925 912 2972 donis
929 2927 1029 2975 student
1050 2941 1206 2992 corrumpere
1226 2943 1283 2978 suos
1300 2930 1388 2992 paeda-

250 3007 341 3053 muliis
358 3004 504 3053 homiuibus.
537 3001 618 3048 Inous
628 2999 728 3048 Horatii
739 2999 800 3047 adeo
842 3008 944 3063 gogos.“
968 3006 1057 3068 Longe
1074 3007 1174 3066 melius,
1192 3011 1257 3071 quod
1268 3008 1388 3057 Horatius

249 3080 413 3144 explicandus
429 3085 478 3128 est:
496 3078 518 3125 si
534 3077 577 3140 qui
593 3078 695 3125 vidisset
706 3084 800 3125 vestem
841 3077 933 3138 voluit,
958 3082 993 3129 ric
1017 3085 1213 3145 exprimeretur:
1240 3090 1301 3148 Ipse
1326 3089 1389 3134 milri

249 3175 385 3223 servosque
402 3165 545 3223 sequentes,
565 3164 594 3206 ut
610 3157 676 3204 servi
693 3170 799 3220 sequun
840 3164 924 3207 eustos
940 3162 1087 3224 incorrupto
1104 3166 1219 3226 optimus.
1244 3167 1302 3228 Quo
1315 3181 1389 3214 sensu

249 3249 292 3288 tur
309 3252 414 3302 puerum
431 3237 458 3285 in
474 3251 566 3299 magno
582 3235 687 3299 populo,
704 3235 759 3295 vel,
778 3237 800 3284 si
840 3235 1005 3302 incorruptus
1029 3239 1197 3304 accipiendum
1222 3244 1266 3303 sit,
1288 3255 1389 3308 apparet

250 3320 306 3382 quis
328 3326 422 3367 vestem
443 3324 469 3366 et
489 3330 573 3365 servos
592 3314 707 3372 vidisset,
726 3322 755 3364 ut
771 3315 801 3363 fit
841 3332 873 3366 ex
890 3333 926 3382 sq.
941 3322 1063 3382 pudicum
1076 3325 1193 3370 cacavit.
1226 3325 1345 3373 Horatius
1362 3326 1389 3372 in

250 3400 278 3447 in
299 3411 391 3459 magno
413 3396 520 3460 populo,
541 3395 584 3457 qui
601 3393 662 3442 talia
677 3393 800 3442 observat.
841 3397 937 3459 scholas
958 3397 1073 3448 veniebat
1093 3400 1262 3464 incorruptus,
1280 3404 1388 3451 incorru-

250 3478 376 3526 Nentrum
408 3476 468 3524 satis
501 3474 659 3537 perspicuum
691 3472 799 3522 videtur.
840 3483 898 3539 ptus
910 3477 1001 3525 exibat.
1026 3478 1156 3539 Quantum
1166 3481 1388 3546 periculumsacpe

250 3558 376 3605 Baxterus
396 3557 518 3617 populum
540 3553 572 3600 de
593 3553 722 3615 republica
738 3551 799 3599 acci·
840 3555 865 3602 in
882 3555 948 3604 ludis
965 3556 1078 3606 litorariis
1092 3558 1223 3622 pudicitiae
1241 3561 1389 3620 immineret,

250 3635 301 3698 pit,
322 3634 448 3684 Gesnerus
469 3633 659 3696 interpretatur:
684 3631 727 3689 „in
748 3646 800 3678 ma·
840 3633 957 3683 daminus
969 3649 1001 3684 ex
1013 3637 1141 3697 Iuvenale,
1152 3639 1278 3698 Petronio,
1289 3647 1388 3690 auctore

250 3729 315 3776 gna,
331 3713 411 3776 qualis
427 3713 523 3762 Rornae
532 3724 586 3759 esse
597 3709 660 3758 solet
670 3708 799 3757 hominum
840 3713 871 3759 dc
882 3711 984 3763 Caussis
1000 3724 1131 3781 corruptae
1146 3719 1317 3783 Eloquentiae,
1326 3719 1388 3769 aliis.

249 3793 336 3849 turba,
365 3807 393 3841 se
414 3799 497 3841 tamen
522 3789 681 3852 conspicuum
698 3787 799 3837 fuisse.“
840 3791 891 3841 Res
908 3793 999 3855 optime
1015 3793 1155 3845 illustratur
1173 3813 1206 3847 ex
1224 3800 1342 3850 Suetonio
1358 3801 1388 3850 dc

252 3871 303 3921 Sed
325 3877 405 3919 vestes
425 3875 451 3918 et
472 3867 539 3918 servi
559 3873 690 3930 sequentes
712 3881 799 3930 puero-
839 3870 936 3920 Illustr.
954 3872 1092 3924 Grammat.
1109 3876 1149 3926 23.
1184 3881 1317 3928 Remmius
1331 3883 1386 3928 Pa·

250 3965 307 3998 rum
330 3947 449 3997 nobilium
472 3945 582 4011 quotidie
603 3945 712 4008 conspici
731 3953 799 4008 poto·
839 3952 936 3999 hemon
953 3953 1055 4002 herilem
1065 3953 1153 4016 filium
1173 3957 1234 4004 dum
1250 3960 1388 4008 comitatur

249 4035 314 4078 rant.
348 4028 476 4091 Singulari
500 4025 600 4090 quidem
622 4025 753 4089 splendore
775 4032 800 4073 et
839 4029 868 4076 ia
883 4032 993 4088 estolae,
1011 4034 1100 4082 literne
1116 4037 1219 4086 didiae.-
1235 4043 1322 4099 postea
1336 4053 1388 4086 mu-

249 4107 343 4172 insigni
361 4106 443 4166 cultu,
465 4104 594 4154 insolitum
614 4118 744 4154 servorum
760 4118 799 4151 co·
839 4109 980 4166 numisma,
1006 4112 1091 4160 docuit
1108 4113 1216 4174 Romae,
1243 4129 1273 4163 ae
1290 4115 1388 4175 prinei-

249 4188 366 4236 mitatum
388 4202 441 4236 esse
458 4185 579 4251 oportuit,
600 4186 622 4233 si
638 4199 702 4249 puer
717 4185 798 4234 Hora·
837 4202 896 4250 pem
912 4189 992 4236 locum
1009 4190 1078 4238 inter
1091 4192 1280 4242 Grammaticos
1292 4196 1387 4251 tenuit,

249 4269 298 4317 tius
316 4283 360 4317 ora
377 4268 426 4316 huc
442 4274 467 4316 et
485 4266 545 4315 illuc
562 4264 755 4313 commeantium
771 4263 798 4311 in
838 4279 991 4328 quamquam
1007 4267 1115 4330 infamis
1127 4273 1241 4320 omnious
1251 4273 1331 4330 vitiis,
1340 4289 1387 4336 pa·

249 4362 276 4396 sc
301 4353 414 4396 verteret.
448 4347 514 4394 Tam
539 4344 609 4392 dives
632 4350 658 4392 et
678 4343 798 4406 poemiae
839 4346 939 4406 lamque
958 4346 1058 4395 Tiberio
1074 4353 1099 4396 et
1114 4365 1172 4398 moa
1193 4349 1301 4400 Claudio
1313 4367 1387 4414 prue-

250 4425 381 4488 negligena
410 4430 481 4488 pater
508 4421 637 4470 libertinus
661 4436 712 4470 non
738 4429 797 4470 erat.
839 4423 1387 4484 deonotus,mirtiniminueinetitutionem

251 4502 345 4553 Omitto
370 4504 431 4552 alias
452 4503 556 4551 aliorum
577 4501 797 4564 interpretationes.
836 4517 974 4563 puerorum
987 4507 1025 4554 cel
1038 4507 1154 4556 iuuenum
1167 4511 1375 4560 committendum.
