<?xml version="1.0" encoding="UTF-8"?>
<!DOCTYPE html PUBLIC "-//W3C//DTD XHTML 1.0 Transitional//EN"
    "http://www.w3.org/TR/xhtml1/DTD/xhtml1-transitional.dtd">
<html xmlns="http://www.w3.org/1999/xhtml" xml:lang="en" lang="en">
 <head>
  <title>
</title>
<meta http-equiv="Content-Type" content="text/html;charset=utf-8" />
  <meta name='ocr-system' content='tesseract 3.04.00' />
  <meta name='ocr-capabilities' content='ocr_page ocr_carea ocr_par ocr_line ocrx_word'/>
</head>
<body>
  <div class='ocr_page' id='page_1' title='image "./qhoratiiflaccis01peergoog_0125.png"; bbox 0 0 3542 5634; ppageno 0'>
   <div class='ocr_carea' id='block_1_1' title="bbox 358 513 1102 583">
    <p class='ocr_par' dir='ltr' id='par_1_1' title="bbox 358 513 1102 583">
     <span class='ocr_line' id='line_1_1' title="bbox 358 513 1102 583; baseline -0.007 0"><span class='ocrx_word' id='word_1_1' title='bbox 358 521 421 583; x_wconf 86' lang='lat'>100</span> <span class='ocrx_word' id='word_1_2' title='bbox 749 513 1102 580; x_wconf 84' lang='lat' dir='ltr'><strong>SATIRARUM</strong></span> 
     </span>
    </p>
   </div>
   <div class='ocr_carea' id='block_1_2' title="bbox 401 701 1500 1301">
    <p class='ocr_par' dir='ltr' id='par_1_2' title="bbox 401 701 1250 786">
     <span class='ocr_line' id='line_1_2' title="bbox 401 701 1250 786; baseline -0.002 -17"><span class='ocrx_word' id='word_1_3' title='bbox 401 707 488 769; x_wconf 84' lang='lat' dir='ltr'>Rara</span> <span class='ocrx_word' id='word_1_4' title='bbox 511 701 580 768; x_wconf 89' lang='lat' dir='ltr'>avis</span> <span class='ocrx_word' id='word_1_5' title='bbox 605 707 639 767; x_wconf 90' lang='lat' dir='ltr'>et</span> <span class='ocrx_word' id='word_1_6' title='bbox 661 701 751 786; x_wconf 91' lang='lat' dir='ltr'>picta</span> <span class='ocrx_word' id='word_1_7' title='bbox 772 701 899 786; x_wconf 82' lang='lat' dir='ltr'>pandat</span> <span class='ocrx_word' id='word_1_8' title='bbox 922 702 1108 786; x_wconf 87' lang='lat' dir='ltr'>spectacula</span> <span class='ocrx_word' id='word_1_9' title='bbox 1131 702 1250 780; x_wconf 81' lang='lat' dir='ltr'>cauda3</span> 
     </span>
    </p>

    <p class='ocr_par' dir='ltr' id='par_1_3' title="bbox 401 804 1500 1199">
     <span class='ocr_line' id='line_1_3' title="bbox 401 804 1500 890; baseline -0.001 -21"><span class='ocrx_word' id='word_1_10' title='bbox 401 806 581 890; x_wconf 83' lang='lat' dir='ltr'><strong>Tamquam</strong></span> <span class='ocrx_word' id='word_1_11' title='bbox 600 806 642 870; x_wconf 94' lang='lat' dir='ltr'>ad</span> <span class='ocrx_word' id='word_1_12' title='bbox 663 826 732 870; x_wconf 91' lang='lat' dir='ltr'>rem</span> <span class='ocrx_word' id='word_1_13' title='bbox 751 804 893 869; x_wconf 80' lang='lat' dir='ltr'><strong>attineat</strong></span> <span class='ocrx_word' id='word_1_14' title='bbox 914 805 1103 890; x_wconf 83' lang='lat' dir='ltr'><strong>quidquam.</strong></span> <span class='ocrx_word' id='word_1_15' title='bbox 1150 804 1241 869; x_wconf 88' lang='lat' dir='ltr'>Num</span> <span class='ocrx_word' id='word_1_16' title='bbox 1262 805 1401 871; x_wconf 87' lang='lat' dir='ltr'>vesceris</span> <span class='ocrx_word' id='word_1_17' title='bbox 1422 805 1500 887; x_wconf 79' lang='lat' dir='ltr'>ista,</span> 
     </span>
     <span class='ocr_line' id='line_1_4' title="bbox 403 908 1427 993; baseline -0.001 -20"><span class='ocrx_word' id='word_1_18' title='bbox 403 908 510 988; x_wconf 82' lang='lat' dir='ltr'>Quam</span> <span class='ocrx_word' id='word_1_19' title='bbox 533 909 670 991; x_wconf 87' lang='lat' dir='ltr'>laudas,</span> <span class='ocrx_word' id='word_1_20' title='bbox 694 908 832 993; x_wconf 86' lang='lat' dir='ltr'>pluma?</span> <span class='ocrx_word' id='word_1_21' title='bbox 856 911 947 972; x_wconf 88' lang='lat' dir='ltr'>coeto</span> <span class='ocrx_word' id='word_1_22' title='bbox 969 929 1049 972; x_wconf 92' lang='lat' dir='ltr'>num</span> <span class='ocrx_word' id='word_1_23' title='bbox 1073 908 1167 972; x_wconf 88' lang='lat' dir='ltr'>adest</span> <span class='ocrx_word' id='word_1_24' title='bbox 1189 909 1294 972; x_wconf 88' lang='lat' dir='ltr'>honor</span> <span class='ocrx_word' id='word_1_25' title='bbox 1316 908 1427 972; x_wconf 86' lang='lat' dir='ltr'>idem?</span> 
     </span>
     <span class='ocr_line' id='line_1_5' title="bbox 404 1010 1368 1097; baseline -0.003 -20"><span class='ocrx_word' id='word_1_26' title='bbox 404 1011 508 1077; x_wconf 81' lang='lat' dir='ltr'>Carne</span> <span class='ocrx_word' id='word_1_27' title='bbox 532 1017 642 1078; x_wconf 84' lang='lat' dir='ltr'>tamen</span> <span class='ocrx_word' id='word_1_28' title='bbox 667 1010 817 1097; x_wconf 89' lang='lat' dir='ltr'>quamvis</span> <span class='ocrx_word' id='word_1_29' title='bbox 841 1010 945 1075; x_wconf 83' lang='lat' dir='ltr'>distat</span> <span class='ocrx_word' id='word_1_30' title='bbox 967 1010 1050 1074; x_wconf 85' lang='lat' dir='ltr'>nihil</span> <span class='ocrx_word' id='word_1_31' title='bbox 1075 1011 1135 1076; x_wconf 89' lang='lat' dir='ltr'>hae</span> <span class='ocrx_word' id='word_1_32' title='bbox 1159 1011 1267 1096; x_wconf 83' lang='lat' dir='ltr'>magis</span> <span class='ocrx_word' id='word_1_33' title='bbox 1290 1011 1368 1093; x_wconf 87' lang='lat' dir='ltr'>illa,</span> 
     </span>
     <span class='ocr_line' id='line_1_6' title="bbox 403 1113 1256 1199; baseline 0.001 -22"><span class='ocrx_word' id='word_1_34' title='bbox 403 1113 589 1199; x_wconf 87' lang='lat' dir='ltr'>imparibus</span> <span class='ocrx_word' id='word_1_35' title='bbox 612 1113 728 1179; x_wconf 89' lang='lat' dir='ltr'>formis</span> <span class='ocrx_word' id='word_1_36' title='bbox 752 1113 926 1197; x_wconf 90' lang='lat' dir='ltr'>deceptum</span> <span class='ocrx_word' id='word_1_37' title='bbox 950 1118 983 1177; x_wconf 89' lang='lat' dir='ltr'>te</span> <span class='ocrx_word' id='word_1_38' title='bbox 1005 1118 1107 1198; x_wconf 91' lang='lat' dir='ltr'>patet.</span> <span class='ocrx_word' id='word_1_39' title='bbox 1155 1114 1256 1178; x_wconf 82' lang='lat' dir='ltr'>Esto:</span> 
     </span>
    </p>

    <p class='ocr_par' dir='ltr' id='par_1_4' title="bbox 405 1216 1345 1301">
     <span class='ocr_line' id='line_1_7' title="bbox 405 1216 1345 1301; baseline -0.001 -18"><span class='ocrx_word' id='word_1_40' title='bbox 405 1218 503 1283; x_wconf 86' lang='lat' dir='ltr'>Unde</span> <span class='ocrx_word' id='word_1_41' title='bbox 527 1218 643 1283; x_wconf 88' lang='lat' dir='ltr'>datum</span> <span class='ocrx_word' id='word_1_42' title='bbox 668 1217 792 1299; x_wconf 87' lang='lat' dir='ltr'>sentis,</span> <span class='ocrx_word' id='word_1_43' title='bbox 816 1216 916 1301; x_wconf 89' lang='lat' dir='ltr'>lupus</span> <span class='ocrx_word' id='word_1_44' title='bbox 939 1216 994 1281; x_wconf 90' lang='lat' dir='ltr'>hic</span> <span class='ocrx_word' id='word_1_45' title='bbox 1016 1216 1186 1282; x_wconf 84' lang='lat' dir='ltr'>Tiberinus</span> <span class='ocrx_word' id='word_1_46' title='bbox 1210 1240 1253 1282; x_wconf 90' lang='lat' dir='ltr'>an</span> <span class='ocrx_word' id='word_1_47' title='bbox 1276 1218 1345 1282; x_wconf 84' lang='lat' dir='ltr'>alto</span> 
     </span>
    </p>
   </div>
   <div class='ocr_carea' id='block_1_3' title="bbox 357 1320 1504 1489">
    <p class='ocr_par' dir='ltr' id='par_1_5' title="bbox 357 1320 1504 1489">
     <span class='ocr_line' id='line_1_8' title="bbox 407 1320 1300 1407; baseline -0.003 -20"><span class='ocrx_word' id='word_1_48' title='bbox 407 1321 531 1407; x_wconf 78' lang='lat' dir='ltr'>Captus</span> <span class='ocrx_word' id='word_1_49' title='bbox 555 1323 644 1404; x_wconf 85' lang='lat' dir='ltr'>hiet,</span> <span class='ocrx_word' id='word_1_50' title='bbox 668 1326 828 1406; x_wconf 91' lang='lat' dir='ltr'>pontesne</span> <span class='ocrx_word' id='word_1_51' title='bbox 852 1320 939 1385; x_wconf 86' lang='lat' dir='ltr'>inter</span> <span class='ocrx_word' id='word_1_52' title='bbox 961 1320 1103 1386; x_wconf 86' lang='lat' dir='ltr'>iactatus</span> <span class='ocrx_word' id='word_1_53' title='bbox 1126 1343 1170 1385; x_wconf 89' lang='lat' dir='ltr'>an</span> <span class='ocrx_word' id='word_1_54' title='bbox 1193 1321 1300 1385; x_wconf 89' lang='lat' dir='ltr'>amnis</span> 
     </span>
     <span class='ocr_line' id='line_1_9' title="bbox 357 1422 1504 1489; baseline -0.007 -13"><span class='ocrx_word' id='word_1_55' title='bbox 357 1443 404 1489; x_wconf 77' lang='lat' dir='ltr'>que</span> <span class='ocrx_word' id='word_1_56' title='bbox 412 1427 511 1475; x_wconf 78' lang='lat' dir='ltr'>alnotus</span> <span class='ocrx_word' id='word_1_57' title='bbox 518 1443 564 1489; x_wconf 84' lang='lat' dir='ltr'>per</span> <span class='ocrx_word' id='word_1_58' title='bbox 573 1429 657 1476; x_wconf 82' lang='lat' dir='ltr'>urbem</span> <span class='ocrx_word' id='word_1_59' title='bbox 664 1428 807 1475; x_wconf 81' lang='lat' dir='ltr'>Romanam</span> <span class='ocrx_word' id='word_1_60' title='bbox 817 1426 908 1473; x_wconf 81' lang='lat' dir='ltr'>trium·</span> <span class='ocrx_word' id='word_1_61' title='bbox 949 1433 1047 1488; x_wconf 88' lang='lat' dir='ltr'>praeter</span> <span class='ocrx_word' id='word_1_62' title='bbox 1063 1425 1113 1473; x_wconf 87' lang='lat' dir='ltr'>alia</span> <span class='ocrx_word' id='word_1_63' title='bbox 1129 1426 1226 1488; x_wconf 81' lang='lat' dir='ltr'>culpat.</span> <span class='ocrx_word' id='word_1_64' title='bbox 1242 1426 1309 1488; x_wconf 92' lang='lat' dir='ltr'>quod</span> <span class='ocrx_word' id='word_1_65' title='bbox 1326 1427 1374 1473; x_wconf 79' lang='lat' dir='ltr'>bae</span> <span class='ocrx_word' id='word_1_66' title='bbox 1389 1422 1425 1471; x_wconf 80' lang='lat' dir='ltr'>ita</span> <span class='ocrx_word' id='word_1_67' title='bbox 1434 1436 1504 1484; x_wconf 89' lang='lat' dir='ltr'>pror-</span> 
     </span>
    </p>
   </div>
   <div class='ocr_carea' id='block_1_4' title="bbox 355 1505 922 3297">
    <p class='ocr_par' dir='ltr' id='par_1_6' title="bbox 355 1505 706 1567">
     <span class='ocr_line' id='line_1_10' title="bbox 355 1505 706 1567; baseline 0.003 -16"><span class='ocrx_word' id='word_1_68' title='bbox 355 1506 404 1567; x_wconf 79' lang='lat' dir='ltr'>pnt</span> <span class='ocrx_word' id='word_1_69' title='bbox 420 1507 590 1566; x_wconf 76' lang='lat' dir='ltr'>spectaculum</span> <span class='ocrx_word' id='word_1_70' title='bbox 607 1505 706 1552; x_wconf 74' lang='lat' dir='ltr'>aanor.</span> 
     </span>
    </p>

    <p class='ocr_par' dir='ltr' id='par_1_7' title="bbox 361 1581 922 3297">
     <span class='ocr_line' id='line_1_11' title="bbox 394 1581 912 1644; baseline -0.002 -15"><span class='ocrx_word' id='word_1_71' title='bbox 394 1581 479 1630; x_wconf 83' lang='lat' dir='ltr'>Carne</span> <span class='ocrx_word' id='word_1_72' title='bbox 503 1585 586 1630; x_wconf 79' lang='lat' dir='ltr'>tamen</span> <span class='ocrx_word' id='word_1_73' title='bbox 610 1582 723 1644; x_wconf 66' lang='lat' dir='ltr'>quantulo</span> <span class='ocrx_word' id='word_1_74' title='bbox 744 1582 825 1630; x_wconf 80' lang='lat' dir='ltr'>distat</span> <span class='ocrx_word' id='word_1_75' title='bbox 844 1583 912 1630; x_wconf 81' lang='lat' dir='ltr'>nibil</span> 
     </span>
     <span class='ocr_line' id='line_1_12' title="bbox 361 1659 912 1722; baseline 0 -16"><span class='ocrx_word' id='word_1_76' title='bbox 361 1660 408 1708; x_wconf 84' lang='lat' dir='ltr'>lmc</span> <span class='ocrx_word' id='word_1_77' title='bbox 424 1660 504 1722; x_wconf 66' lang='lat' dir='ltr'>maan</span> <span class='ocrx_word' id='word_1_78' title='bbox 520 1662 574 1708; x_wconf 79' lang='lat' dir='ltr'>illo.</span> <span class='ocrx_word' id='word_1_79' title='bbox 609 1659 752 1708; x_wconf 87' lang='lat' dir='ltr'>Meinekius</span> <span class='ocrx_word' id='word_1_80' title='bbox 769 1659 912 1708; x_wconf 81' lang='lat' dir='ltr'>annotavit:</span> 
     </span>
     <span class='ocr_line' id='line_1_13' title="bbox 362 1738 912 1801; baseline 0 -16"><span class='ocrx_word' id='word_1_81' title='bbox 362 1738 447 1795; x_wconf 74' lang='lat' dir='ltr'>„Ham</span> <span class='ocrx_word' id='word_1_82' title='bbox 464 1738 616 1801; x_wconf 87' lang='lat' dir='ltr'>optimorum</span> <span class='ocrx_word' id='word_1_83' title='bbox 633 1745 670 1786; x_wconf 87' lang='lat' dir='ltr'>est</span> <span class='ocrx_word' id='word_1_84' title='bbox 687 1738 808 1786; x_wconf 86' lang='lat' dir='ltr'>librorum</span> <span class='ocrx_word' id='word_1_85' title='bbox 825 1738 912 1796; x_wconf 86' lang='lat' dir='ltr'>lectio,</span> 
     </span>
     <span class='ocr_line' id='line_1_14' title="bbox 361 1816 912 1880; baseline 0.005 -18"><span class='ocrx_word' id='word_1_86' title='bbox 361 1816 388 1863; x_wconf 91' lang='lat' dir='ltr'>in</span> <span class='ocrx_word' id='word_1_87' title='bbox 404 1831 455 1879; x_wconf 90' lang='lat' dir='ltr'>qua</span> <span class='ocrx_word' id='word_1_88' title='bbox 471 1817 624 1879; x_wconf 83' lang='lat' dir='ltr'>expedienda</span> <span class='ocrx_word' id='word_1_89' title='bbox 639 1816 732 1865; x_wconf 88' lang='lat' dir='ltr'>frustra</span> <span class='ocrx_word' id='word_1_90' title='bbox 743 1831 843 1880; x_wconf 87' lang='lat' dir='ltr'>operam</span> <span class='ocrx_word' id='word_1_91' title='bbox 854 1831 912 1864; x_wconf 84' lang='lat' dir='ltr'>con·</span> 
     </span>
     <span class='ocr_line' id='line_1_15' title="bbox 361 1895 913 1957; baseline 0 -15"><span class='ocrx_word' id='word_1_92' title='bbox 361 1903 533 1957; x_wconf 85' lang='lat' dir='ltr'>sumpserunt,</span> <span class='ocrx_word' id='word_1_93' title='bbox 545 1903 573 1944; x_wconf 94' lang='lat' dir='ltr'>ut</span> <span class='ocrx_word' id='word_1_94' title='bbox 584 1897 645 1945; x_wconf 88' lang='lat' dir='ltr'>alios</span> <span class='ocrx_word' id='word_1_95' title='bbox 656 1895 767 1954; x_wconf 86' lang='lat' dir='ltr'>mittam,</span> <span class='ocrx_word' id='word_1_96' title='bbox 784 1895 913 1944; x_wconf 87' lang='lat' dir='ltr'>Bentleins</span> 
     </span>
     <span class='ocr_line' id='line_1_16' title="bbox 362 1972 914 2039; baseline -0.007 -17"><span class='ocrx_word' id='word_1_97' title='bbox 362 1981 387 2022; x_wconf 91' lang='lat' dir='ltr'>et</span> <span class='ocrx_word' id='word_1_98' title='bbox 395 1975 538 2038; x_wconf 87' lang='lat' dir='ltr'>Kriigerus,</span> <span class='ocrx_word' id='word_1_99' title='bbox 551 1990 658 2039; x_wconf 89' lang='lat' dir='ltr'>quorum</span> <span class='ocrx_word' id='word_1_100' title='bbox 668 1974 843 2038; x_wconf 81' lang='lat' dir='ltr'>explicationes</span> <span class='ocrx_word' id='word_1_101' title='bbox 852 1972 914 2019; x_wconf 90' lang='lat' dir='ltr'>adeo</span> 
     </span>
     <span class='ocr_line' id='line_1_17' title="bbox 362 2050 914 2113; baseline -0.004 -13"><span class='ocrx_word' id='word_1_102' title='bbox 362 2061 489 2103; x_wconf 81' lang='lat' dir='ltr'>contortae</span> <span class='ocrx_word' id='word_1_103' title='bbox 505 2061 564 2102; x_wconf 91' lang='lat' dir='ltr'>sunt</span> <span class='ocrx_word' id='word_1_104' title='bbox 579 2061 604 2102; x_wconf 92' lang='lat' dir='ltr'>et</span> <span class='ocrx_word' id='word_1_105' title='bbox 615 2053 740 2113; x_wconf 84' lang='lat' dir='ltr'>difficiles,</span> <span class='ocrx_word' id='word_1_106' title='bbox 752 2060 780 2101; x_wconf 91' lang='lat' dir='ltr'>ut</span> <span class='ocrx_word' id='word_1_107' title='bbox 791 2050 862 2100; x_wconf 91' lang='lat' dir='ltr'>nullo</span> <span class='ocrx_word' id='word_1_108' title='bbox 872 2065 914 2113; x_wconf 81' lang='lat' dir='ltr'>pa</span> 
     </span>
     <span class='ocr_line' id='line_1_18' title="bbox 363 2131 915 2196; baseline -0.004 -16"><span class='ocrx_word' id='word_1_109' title='bbox 363 2139 402 2181; x_wconf 88' lang='lat' dir='ltr'>cto</span> <span class='ocrx_word' id='word_1_110' title='bbox 418 2134 516 2196; x_wconf 88' lang='lat' dir='ltr'>probari</span> <span class='ocrx_word' id='word_1_111' title='bbox 532 2147 605 2196; x_wconf 87' lang='lat' dir='ltr'>possa</span> <span class='ocrx_word' id='word_1_112' title='bbox 617 2133 756 2180; x_wconf 86' lang='lat' dir='ltr'>videantur.</span> <span class='ocrx_word' id='word_1_113' title='bbox 789 2131 843 2180; x_wconf 86' lang='lat' dir='ltr'>Nee</span> <span class='ocrx_word' id='word_1_114' title='bbox 855 2145 915 2178; x_wconf 88' lang='lat' dir='ltr'>vero</span> 
     </span>
     <span class='ocr_line' id='line_1_19' title="bbox 362 2211 916 2274; baseline -0.009 -14"><span class='ocrx_word' id='word_1_115' title='bbox 362 2212 415 2260; x_wconf 92' lang='lat' dir='ltr'>ulla</span> <span class='ocrx_word' id='word_1_116' title='bbox 436 2212 575 2260; x_wconf 85' lang='lat' dir='ltr'>emendatio</span> <span class='ocrx_word' id='word_1_117' title='bbox 596 2211 733 2274; x_wconf 85' lang='lat' dir='ltr'>excogitari</span> <span class='ocrx_word' id='word_1_118' title='bbox 752 2216 845 2273; x_wconf 88' lang='lat' dir='ltr'>potest,</span> <span class='ocrx_word' id='word_1_119' title='bbox 866 2224 916 2272; x_wconf 89' lang='lat' dir='ltr'>qua</span> 
     </span>
     <span class='ocr_line' id='line_1_20' title="bbox 363 2287 915 2352; baseline -0.013 -12"><span class='ocrx_word' id='word_1_120' title='bbox 363 2293 514 2340; x_wconf 87' lang='lat' dir='ltr'>tenebricosa</span> <span class='ocrx_word' id='word_1_121' title='bbox 538 2290 614 2338; x_wconf 86' lang='lat' dir='ltr'>verba</span> <span class='ocrx_word' id='word_1_122' title='bbox 635 2289 794 2352; x_wconf 86' lang='lat' dir='ltr'>probabiliter</span> <span class='ocrx_word' id='word_1_123' title='bbox 819 2287 915 2334; x_wconf 86' lang='lat' dir='ltr'>restitui</span> 
     </span>
     <span class='ocr_line' id='line_1_21' title="bbox 363 2366 917 2434; baseline -0.011 -16"><span class='ocrx_word' id='word_1_124' title='bbox 363 2371 464 2434; x_wconf 87' lang='lat' dir='ltr'>possint.</span> <span class='ocrx_word' id='word_1_125' title='bbox 502 2369 591 2430; x_wconf 89' lang='lat' dir='ltr'>Itaque</span> <span class='ocrx_word' id='word_1_126' title='bbox 614 2375 657 2415; x_wconf 88' lang='lat' dir='ltr'>aut</span> <span class='ocrx_word' id='word_1_127' title='bbox 678 2368 796 2416; x_wconf 90' lang='lat' dir='ltr'>delendus</span> <span class='ocrx_word' id='word_1_128' title='bbox 819 2366 917 2414; x_wconf 84' lang='lat' dir='ltr'>videtur</span> 
     </span>
     <span class='ocr_line' id='line_1_22' title="bbox 364 2445 915 2508; baseline -0.007 -14"><span class='ocrx_word' id='word_1_129' title='bbox 364 2461 463 2504; x_wconf 88' lang='lat' dir='ltr'>versus,</span> <span class='ocrx_word' id='word_1_130' title='bbox 485 2453 528 2494; x_wconf 91' lang='lat' dir='ltr'>aut</span> <span class='ocrx_word' id='word_1_131' title='bbox 549 2445 642 2508; x_wconf 90' lang='lat' dir='ltr'>aliquid</span> <span class='ocrx_word' id='word_1_132' title='bbox 664 2446 784 2494; x_wconf 86' lang='lat' dir='ltr'>excidisse</span> <span class='ocrx_word' id='word_1_133' title='bbox 805 2451 915 2492; x_wconf 87' lang='lat' dir='ltr'>statuen-</span> 
     </span>
     <span class='ocr_line' id='line_1_23' title="bbox 364 2523 916 2577; baseline -0.009 -3"><span class='ocrx_word' id='word_1_134' title='bbox 364 2528 424 2577; x_wconf 92' lang='lat' dir='ltr'>dum</span> <span class='ocrx_word' id='word_1_135' title='bbox 450 2534 487 2576; x_wconf 87' lang='lat' dir='ltr'>est</span> <span class='ocrx_word' id='word_1_136' title='bbox 512 2526 538 2573; x_wconf 93' lang='lat' dir='ltr'>in</span> <span class='ocrx_word' id='word_1_137' title='bbox 564 2525 628 2573; x_wconf 91' lang='lat' dir='ltr'>hanc</span> <span class='ocrx_word' id='word_1_138' title='bbox 654 2525 731 2572; x_wconf 85' lang='lat' dir='ltr'>ferme</span> <span class='ocrx_word' id='word_1_139' title='bbox 755 2523 916 2571; x_wconf 87' lang='lat' dir='ltr'>sententiam:</span> 
     </span>
     <span class='ocr_line' id='line_1_24' title="bbox 366 2603 917 2666; baseline -0.013 -11"><span class='ocrx_word' id='word_1_140' title='bbox 366 2606 469 2664; x_wconf 84' lang='lat' dir='ltr'>„Carne</span> <span class='ocrx_word' id='word_1_141' title='bbox 485 2611 584 2663; x_wconf 79' lang='lat' dir='ltr'>tanton,</span> <span class='ocrx_word' id='word_1_142' title='bbox 604 2606 718 2666; x_wconf 70' lang='lat' dir='ltr'>quemme</span> <span class='ocrx_word' id='word_1_143' title='bbox 740 2604 820 2650; x_wconf 82' lang='lat' dir='ltr'>distat</span> <span class='ocrx_word' id='word_1_144' title='bbox 838 2603 917 2660; x_wconf 79' lang='lat' dir='ltr'>ninii,</span> 
     </span>
     <span class='ocr_line' id='line_1_25' title="bbox 367 2681 919 2746; baseline -0.011 -13"><span class='ocrx_word' id='word_1_145' title='bbox 367 2687 413 2733; x_wconf 77' lang='lat' dir='ltr'>ltus</span> <span class='ocrx_word' id='word_1_146' title='bbox 430 2685 509 2746; x_wconf 73' lang='lat' dir='ltr'>inopis</span> <span class='ocrx_word' id='word_1_147' title='bbox 524 2685 571 2730; x_wconf 81' lang='lat' dir='ltr'>illa</span> <span class='ocrx_word' id='word_1_148' title='bbox 589 2681 732 2742; x_wconf 84' lang='lat' dir='ltr'>(Delector;</span> <span class='ocrx_word' id='word_1_149' title='bbox 742 2682 844 2742; x_wconf 78' lang='lat' dir='ltr'>pulchri</span> <span class='ocrx_word' id='word_1_150' title='bbox 856 2682 919 2743; x_wconf 78' lang='lat' dir='ltr'>quid</span> 
     </span>
     <span class='ocr_line' id='line_1_26' title="bbox 367 2757 917 2821; baseline -0.007 -11"><span class='ocrx_word' id='word_1_151' title='bbox 367 2765 440 2811; x_wconf 82' lang='lat' dir='ltr'>nabet</span> <span class='ocrx_word' id='word_1_152' title='bbox 457 2763 582 2810; x_wconf 79' lang='lat' dir='ltr'>Iunonius</span> <span class='ocrx_word' id='word_1_153' title='bbox 594 2759 680 2821; x_wconf 81' lang='lat' dir='ltr'>ales.“)</span> <span class='ocrx_word' id='word_1_154' title='bbox 707 2757 917 2821; x_wconf 71' lang='lat' dir='ltr'>imparatufor-</span> 
     </span>
     <span class='ocr_line' id='line_1_27' title="bbox 366 2837 917 2902; baseline -0.009 -13"><span class='ocrx_word' id='word_1_155' title='bbox 366 2843 414 2889; x_wconf 80' lang='lat' dir='ltr'>mis</span> <span class='ocrx_word' id='word_1_156' title='bbox 430 2843 560 2902; x_wconf 75' lang='lat' dir='ltr'>deceptum</span> <span class='ocrx_word' id='word_1_157' title='bbox 578 2846 602 2888; x_wconf 86' lang='lat' dir='ltr'>te</span> <span class='ocrx_word' id='word_1_158' title='bbox 613 2843 709 2901; x_wconf 82' lang='lat' dir='ltr'>patet.“</span> <span class='ocrx_word' id='word_1_159' title='bbox 731 2837 851 2886; x_wconf 85' lang='lat' dir='ltr'>Horatius</span> <span class='ocrx_word' id='word_1_160' title='bbox 863 2851 917 2885; x_wconf 85' lang='lat' dir='ltr'>ver·</span> 
     </span>
     <span class='ocr_line' id='line_1_28' title="bbox 367 2918 918 2980; baseline -0.007 -12"><span class='ocrx_word' id='word_1_161' title='bbox 367 2935 423 2968; x_wconf 90' lang='lat' dir='ltr'>sum</span> <span class='ocrx_word' id='word_1_162' title='bbox 441 2921 574 2977; x_wconf 80' lang='lat' dir='ltr'>Delector,</span> <span class='ocrx_word' id='word_1_163' title='bbox 589 2919 692 2980; x_wconf 76' lang='lat' dir='ltr'>pulchri</span> <span class='ocrx_word' id='word_1_164' title='bbox 708 2919 771 2979; x_wconf 78' lang='lat' dir='ltr'>quid</span> <span class='ocrx_word' id='word_1_165' title='bbox 787 2918 861 2965; x_wconf 84' lang='lat' dir='ltr'>labet</span> <span class='ocrx_word' id='word_1_166' title='bbox 873 2919 918 2964; x_wconf 87' lang='lat' dir='ltr'>Iu·</span> 
     </span>
     <span class='ocr_line' id='line_1_29' title="bbox 367 2997 917 3060; baseline -0.007 -13"><span class='ocrx_word' id='word_1_167' title='bbox 367 3001 457 3047; x_wconf 76' lang='lat' dir='ltr'>nanim</span> <span class='ocrx_word' id='word_1_168' title='bbox 474 3000 525 3048; x_wconf 80' lang='lat' dir='ltr'>ales</span> <span class='ocrx_word' id='word_1_169' title='bbox 540 3013 590 3046; x_wconf 91' lang='lat' dir='ltr'>non</span> <span class='ocrx_word' id='word_1_170' title='bbox 608 2997 704 3045; x_wconf 85' lang='lat' dir='ltr'>invitus</span> <span class='ocrx_word' id='word_1_171' title='bbox 715 3011 760 3060; x_wconf 90' lang='lat' dir='ltr'>pro</span> <span class='ocrx_word' id='word_1_172' title='bbox 770 3011 816 3044; x_wconf 91' lang='lat' dir='ltr'>suo</span> <span class='ocrx_word' id='word_1_173' title='bbox 826 3009 917 3057; x_wconf 84' lang='lat' dir='ltr'>agnos-</span> 
     </span>
     <span class='ocr_line' id='line_1_30' title="bbox 367 3062 922 3141; baseline -0.007 -15"><span class='ocrx_word' id='word_1_174' title='bbox 367 3093 422 3126; x_wconf 91' lang='lat' dir='ltr'>cere</span> <span class='ocrx_word' id='word_1_175' title='bbox 443 3085 531 3141; x_wconf 89' lang='lat' dir='ltr'>posset.</span> <span class='ocrx_word' id='word_1_176' title='bbox 566 3077 616 3127; x_wconf 86' lang='lat' dir='ltr'>Sed</span> <span class='ocrx_word' id='word_1_177' title='bbox 636 3077 703 3125; x_wconf 88' lang='lat' dir='ltr'>idem</span> <span class='ocrx_word' id='word_1_178' title='bbox 719 3075 860 3124; x_wconf 87' lang='lat' dir='ltr'>Meinakins</span> <span class='ocrx_word' id='word_1_179' title='bbox 877 3062 922 3122; x_wconf 47' lang='lat' dir='ltr'>ad?</span> 
     </span>
     <span class='ocr_line' id='line_1_31' title="bbox 368 3155 918 3216; baseline -0.005 -12"><span class='ocrx_word' id='word_1_180' title='bbox 368 3158 415 3206; x_wconf 85' lang='lat' dir='ltr'>dit:</span> <span class='ocrx_word' id='word_1_181' title='bbox 434 3158 519 3216; x_wconf 83' lang='lat' dir='ltr'>„Haec</span> <span class='ocrx_word' id='word_1_182' title='bbox 535 3164 593 3206; x_wconf 89' lang='lat' dir='ltr'>ante</span> <span class='ocrx_word' id='word_1_183' title='bbox 610 3157 703 3205; x_wconf 90' lang='lat' dir='ltr'>multos</span> <span class='ocrx_word' id='word_1_184' title='bbox 721 3171 798 3204; x_wconf 88' lang='lat' dir='ltr'>annos</span> <span class='ocrx_word' id='word_1_185' title='bbox 810 3156 836 3202; x_wconf 90' lang='lat' dir='ltr'>in</span> <span class='ocrx_word' id='word_1_186' title='bbox 849 3155 918 3202; x_wconf 89' lang='lat' dir='ltr'>char-</span> 
     </span>
     <span class='ocr_line' id='line_1_32' title="bbox 369 3234 917 3297; baseline -0.005 -14"><span class='ocrx_word' id='word_1_187' title='bbox 369 3243 406 3285; x_wconf 88' lang='lat' dir='ltr'>tas</span> <span class='ocrx_word' id='word_1_188' title='bbox 423 3238 528 3295; x_wconf 85' lang='lat' dir='ltr'>conieci,</span> <span class='ocrx_word' id='word_1_189' title='bbox 544 3251 590 3284; x_wconf 89' lang='lat' dir='ltr'>nec</span> <span class='ocrx_word' id='word_1_190' title='bbox 607 3236 689 3284; x_wconf 89' lang='lat' dir='ltr'>delere</span> <span class='ocrx_word' id='word_1_191' title='bbox 706 3235 786 3292; x_wconf 86' lang='lat' dir='ltr'>volui,</span> <span class='ocrx_word' id='word_1_192' title='bbox 799 3234 917 3297; x_wconf 90' lang='lat' dir='ltr'>quoniam</span> 
     </span>
    </p>
   </div>
   <div class='ocr_carea' id='block_1_5' title="bbox 951 1505 1513 3300">
    <p class='ocr_par' dir='ltr' id='par_1_8' title="bbox 951 1505 1167 1553">
     <span class='ocr_line' id='line_1_33' title="bbox 951 1505 1167 1553; baseline 0 -1"><span class='ocrx_word' id='word_1_193' title='bbox 951 1519 993 1552; x_wconf 88' lang='lat' dir='ltr'>sus</span> <span class='ocrx_word' id='word_1_194' title='bbox 1010 1505 1167 1553; x_wconf 83' lang='lat' dir='ltr'>redundaret.</span> 
     </span>
    </p>

    <p class='ocr_par' dir='ltr' id='par_1_9' title="bbox 952 1581 1509 2120">
     <span class='ocr_line' id='line_1_34' title="bbox 992 1581 1506 1646; baseline -0.012 -14"><span class='ocrx_word' id='word_1_195' title='bbox 992 1583 1144 1632; x_wconf 88' lang='lat' dir='ltr'>Doderlinus</span> <span class='ocrx_word' id='word_1_196' title='bbox 1177 1583 1354 1646; x_wconf 86' lang='lat' dir='ltr'>interpretatur</span> <span class='ocrx_word' id='word_1_197' title='bbox 1387 1581 1436 1637; x_wconf 87' lang='lat' dir='ltr'>ita,</span> <span class='ocrx_word' id='word_1_198' title='bbox 1477 1588 1506 1626; x_wconf 88' lang='lat' dir='ltr'>ut</span> 
     </span>
     <span class='ocr_line' id='line_1_35' title="bbox 952 1662 1508 1725; baseline -0.007 -16"><span class='ocrx_word' id='word_1_199' title='bbox 952 1668 1036 1711; x_wconf 80' lang='lat' dir='ltr'>lumen</span> <span class='ocrx_word' id='word_1_200' title='bbox 1076 1662 1197 1725; x_wconf 87' lang='lat' dir='ltr'>significet</span> <span class='ocrx_word' id='word_1_201' title='bbox 1240 1665 1344 1719; x_wconf 79' lang='lat' dir='ltr'>saltem,</span> <span class='ocrx_word' id='word_1_202' title='bbox 1389 1662 1508 1723; x_wconf 78' lang='lat' dir='ltr'>quamuis</span> 
     </span>
     <span class='ocr_line' id='line_1_36' title="bbox 952 1740 1508 1804; baseline -0.009 -15"><span class='ocrx_word' id='word_1_203' title='bbox 952 1756 1008 1790; x_wconf 90' lang='lat' dir='ltr'>enm</span> <span class='ocrx_word' id='word_1_204' title='bbox 1025 1742 1156 1804; x_wconf 86' lang='lat' dir='ltr'>Xylandro</span> <span class='ocrx_word' id='word_1_205' title='bbox 1166 1747 1277 1789; x_wconf 83' lang='lat' dir='ltr'>mutetur</span> <span class='ocrx_word' id='word_1_206' title='bbox 1287 1741 1314 1788; x_wconf 89' lang='lat' dir='ltr'>iu</span> <span class='ocrx_word' id='word_1_207' title='bbox 1324 1755 1400 1801; x_wconf 84' lang='lat' dir='ltr'>quom</span> <span class='ocrx_word' id='word_1_208' title='bbox 1412 1740 1465 1795; x_wconf 76' lang='lat' dir='ltr'>cis,</span> <span class='ocrx_word' id='word_1_209' title='bbox 1481 1742 1508 1784; x_wconf 90' lang='lat' dir='ltr'>et</span> 
     </span>
     <span class='ocr_line' id='line_1_37' title="bbox 953 1805 1507 1886; baseline -0.009 -17"><span class='ocrx_word' id='word_1_210' title='bbox 953 1823 1042 1882; x_wconf 64' lang='lat' dir='ltr'>mauu,</span> <span class='ocrx_word' id='word_1_211' title='bbox 1057 1824 1123 1886; x_wconf 90' lang='lat' dir='ltr'>quod</span> <span class='ocrx_word' id='word_1_212' title='bbox 1132 1822 1278 1872; x_wconf 84' lang='lat' dir='ltr'>Sohaeferns</span> <span class='ocrx_word' id='word_1_213' title='bbox 1295 1821 1344 1868; x_wconf 89' lang='lat' dir='ltr'>iam</span> <span class='ocrx_word' id='word_1_214' title='bbox 1361 1825 1420 1866; x_wconf 84' lang='lat' dir='ltr'>ante</span> <span class='ocrx_word' id='word_1_215' title='bbox 1431 1805 1507 1866; x_wconf 81' lang='lat' dir='ltr'>Eich-</span> 
     </span>
     <span class='ocr_line' id='line_1_38' title="bbox 953 1895 1508 1964; baseline -0.011 -16"><span class='ocrx_word' id='word_1_216' title='bbox 953 1901 1061 1949; x_wconf 84' lang='lat' dir='ltr'>stadium</span> <span class='ocrx_word' id='word_1_217' title='bbox 1072 1901 1187 1963; x_wconf 87' lang='lat' dir='ltr'>putabat,</span> <span class='ocrx_word' id='word_1_218' title='bbox 1203 1914 1249 1964; x_wconf 92' lang='lat' dir='ltr'>pro</span> <span class='ocrx_word' id='word_1_219' title='bbox 1258 1900 1352 1961; x_wconf 84' lang='lat' dir='ltr'>potina</span> <span class='ocrx_word' id='word_1_220' title='bbox 1363 1895 1508 1958; x_wconf 85' lang='lat' dir='ltr'>accipiatur.</span> 
     </span>
     <span class='ocr_line' id='line_1_39' title="bbox 954 1975 1509 2028; baseline -0.009 -1"><span class='ocrx_word' id='word_1_221' title='bbox 954 1979 1037 2028; x_wconf 90' lang='lat' dir='ltr'>Video</span> <span class='ocrx_word' id='word_1_222' title='bbox 1052 1979 1228 2027; x_wconf 87' lang='lat' dir='ltr'>Heindorfium</span> <span class='ocrx_word' id='word_1_223' title='bbox 1250 1976 1393 2026; x_wconf 85' lang='lat' dir='ltr'>coniecisse:</span> <span class='ocrx_word' id='word_1_224' title='bbox 1422 1975 1509 2022; x_wconf 82' lang='lat' dir='ltr'>Corne</span> 
     </span>
     <span class='ocr_line' id='line_1_40' title="bbox 956 2055 1508 2120; baseline -0.009 -15"><span class='ocrx_word' id='word_1_225' title='bbox 956 2064 1040 2105; x_wconf 78' lang='lat' dir='ltr'>tomen</span> <span class='ocrx_word' id='word_1_226' title='bbox 1048 2059 1162 2120; x_wconf 75' lang='lat' dir='ltr'>quamvis</span> <span class='ocrx_word' id='word_1_227' title='bbox 1167 2059 1250 2106; x_wconf 76' lang='lat' dir='ltr'>distat</span> <span class='ocrx_word' id='word_1_228' title='bbox 1259 2057 1325 2103; x_wconf 77' lang='lat' dir='ltr'>nibil</span> <span class='ocrx_word' id='word_1_229' title='bbox 1332 2056 1380 2104; x_wconf 81' lang='lat' dir='ltr'>lroo</span> <span class='ocrx_word' id='word_1_230' title='bbox 1388 2055 1444 2102; x_wconf 77' lang='lat' dir='ltr'>ouis</span> <span class='ocrx_word' id='word_1_231' title='bbox 1451 2055 1508 2102; x_wconf 81' lang='lat' dir='ltr'>illa.</span> 
     </span>
    </p>

    <p class='ocr_par' dir='ltr' id='par_1_10' title="bbox 955 2133 1513 3300">
     <span class='ocr_line' id='line_1_41' title="bbox 989 2133 1509 2183; baseline -0.004 -1"><span class='ocrx_word' id='word_1_232' title='bbox 989 2136 1072 2183; x_wconf 80' lang='lat' dir='ltr'>Esto:</span> <span class='ocrx_word' id='word_1_233' title='bbox 1095 2137 1167 2183; x_wconf 78' lang='lat' dir='ltr'>Unde</span> <span class='ocrx_word' id='word_1_234' title='bbox 1177 2136 1362 2183; x_wconf 81' lang='lat' dir='ltr'>datumsentis.</span> <span class='ocrx_word' id='word_1_235' title='bbox 1386 2133 1420 2182; x_wconf 87' lang='lat' dir='ltr'>N.</span> <span class='ocrx_word' id='word_1_236' title='bbox 1429 2133 1509 2181; x_wconf 89' lang='lat' dir='ltr'>Hein-</span> 
     </span>
     <span class='ocr_line' id='line_1_42' title="bbox 955 2212 1510 2275; baseline -0.005 -13"><span class='ocrx_word' id='word_1_237' title='bbox 955 2215 1006 2262; x_wconf 89' lang='lat' dir='ltr'>sius</span> <span class='ocrx_word' id='word_1_238' title='bbox 1023 2213 1133 2275; x_wconf 82' lang='lat' dir='ltr'>legebat:</span> <span class='ocrx_word' id='word_1_239' title='bbox 1156 2216 1224 2261; x_wconf 83' lang='lat' dir='ltr'>undo</span> <span class='ocrx_word' id='word_1_240' title='bbox 1239 2218 1327 2260; x_wconf 81' lang='lat' dir='ltr'>ratum</span> <span class='ocrx_word' id='word_1_241' title='bbox 1343 2212 1432 2260; x_wconf 78' lang='lat' dir='ltr'>sentia</span> <span class='ocrx_word' id='word_1_242' title='bbox 1461 2213 1510 2260; x_wconf 81' lang='lat' dir='ltr'>Est</span> 
     </span>
     <span class='ocr_line' id='line_1_43' title="bbox 956 2290 1510 2355; baseline -0.007 -14"><span class='ocrx_word' id='word_1_243' title='bbox 956 2293 1107 2351; x_wconf 75' lang='lat' dir='ltr'>mulcatum,</span> <span class='ocrx_word' id='word_1_244' title='bbox 1132 2292 1216 2355; x_wconf 88' lang='lat' dir='ltr'>quales</span> <span class='ocrx_word' id='word_1_245' title='bbox 1239 2292 1279 2338; x_wconf 85' lang='lat' dir='ltr'>vir</span> <span class='ocrx_word' id='word_1_246' title='bbox 1301 2290 1510 2352; x_wconf 86' lang='lat' dir='ltr'>diligentissimus</span> 
     </span>
     <span class='ocr_line' id='line_1_44' title="bbox 957 2368 1511 2434; baseline -0.009 -14"><span class='ocrx_word' id='word_1_247' title='bbox 957 2373 983 2421; x_wconf 89' lang='lat' dir='ltr'>iu</span> <span class='ocrx_word' id='word_1_248' title='bbox 998 2372 1124 2434; x_wconf 83' lang='lat' dir='ltr'>margines</span> <span class='ocrx_word' id='word_1_249' title='bbox 1140 2371 1262 2418; x_wconf 88' lang='lat' dir='ltr'>librorum</span> <span class='ocrx_word' id='word_1_250' title='bbox 1279 2370 1397 2417; x_wconf 87' lang='lat' dir='ltr'>eoniieare</span> <span class='ocrx_word' id='word_1_251' title='bbox 1414 2368 1511 2416; x_wconf 87' lang='lat' dir='ltr'>solebat</span> 
     </span>
     <span class='ocr_line' id='line_1_45' title="bbox 956 2447 1509 2511; baseline -0.009 -12"><span class='ocrx_word' id='word_1_252' title='bbox 956 2451 1054 2500; x_wconf 86' lang='lat' dir='ltr'>multas.</span> <span class='ocrx_word' id='word_1_253' title='bbox 1088 2451 1182 2498; x_wconf 83' lang='lat' dir='ltr'>Postea</span> <span class='ocrx_word' id='word_1_254' title='bbox 1206 2450 1237 2496; x_wconf 91' lang='lat' dir='ltr'>de</span> <span class='ocrx_word' id='word_1_255' title='bbox 1254 2449 1284 2496; x_wconf 90' lang='lat' dir='ltr'>iis</span> <span class='ocrx_word' id='word_1_256' title='bbox 1308 2449 1416 2511; x_wconf 88' lang='lat' dir='ltr'>amplius</span> <span class='ocrx_word' id='word_1_257' title='bbox 1441 2447 1509 2494; x_wconf 90' lang='lat' dir='ltr'>iudi·</span> 
     </span>
     <span class='ocr_line' id='line_1_46' title="bbox 956 2526 1510 2589; baseline -0.011 -11"><span class='ocrx_word' id='word_1_258' title='bbox 956 2531 1034 2578; x_wconf 89' lang='lat' dir='ltr'>cabat.</span> <span class='ocrx_word' id='word_1_259' title='bbox 1067 2530 1152 2585; x_wconf 84' lang='lat' dir='ltr'>Hane,</span> <span class='ocrx_word' id='word_1_260' title='bbox 1169 2528 1257 2587; x_wconf 88' lang='lat' dir='ltr'>eredo,</span> <span class='ocrx_word' id='word_1_261' title='bbox 1279 2526 1332 2589; x_wconf 90' lang='lat' dir='ltr'>ipse</span> <span class='ocrx_word' id='word_1_262' title='bbox 1353 2542 1405 2575; x_wconf 90' lang='lat' dir='ltr'>non</span> <span class='ocrx_word' id='word_1_263' title='bbox 1421 2527 1510 2589; x_wconf 81' lang='lat' dir='ltr'>reperi·</span> 
     </span>
     <span class='ocr_line' id='line_1_47' title="bbox 957 2605 1512 2668; baseline -0.004 -12"><span class='ocrx_word' id='word_1_264' title='bbox 957 2610 1039 2656; x_wconf 88' lang='lat' dir='ltr'>visset.</span> <span class='ocrx_word' id='word_1_265' title='bbox 1072 2607 1200 2656; x_wconf 88' lang='lat' dir='ltr'>Bentleius</span> <span class='ocrx_word' id='word_1_266' title='bbox 1217 2606 1311 2654; x_wconf 88' lang='lat' dir='ltr'>factum</span> <span class='ocrx_word' id='word_1_267' title='bbox 1328 2605 1440 2664; x_wconf 86' lang='lat' dir='ltr'>nolebat;</span> <span class='ocrx_word' id='word_1_268' title='bbox 1462 2620 1512 2668; x_wconf 84' lang='lat' dir='ltr'>ego</span> 
     </span>
     <span class='ocr_line' id='line_1_48' title="bbox 957 2683 1513 2744; baseline -0.004 -10"><span class='ocrx_word' id='word_1_269' title='bbox 957 2703 973 2734; x_wconf 88' lang='lat' dir='ltr'>a</span> <span class='ocrx_word' id='word_1_270' title='bbox 994 2684 1110 2736; x_wconf 91' lang='lat' dir='ltr'>Bentleio</span> <span class='ocrx_word' id='word_1_271' title='bbox 1134 2699 1185 2733; x_wconf 91' lang='lat' dir='ltr'>non</span> <span class='ocrx_word' id='word_1_272' title='bbox 1210 2683 1303 2734; x_wconf 83' lang='lat' dir='ltr'>factum</span> <span class='ocrx_word' id='word_1_273' title='bbox 1328 2685 1455 2744; x_wconf 81' lang='lat' dir='ltr'>volebam,</span> <span class='ocrx_word' id='word_1_274' title='bbox 1482 2694 1513 2732; x_wconf 90' lang='lat' dir='ltr'>ut</span> 
     </span>
     <span class='ocr_line' id='line_1_49' title="bbox 958 2765 1512 2823; baseline -0.004 -9"><span class='ocrx_word' id='word_1_275' title='bbox 958 2765 1100 2814; x_wconf 89' lang='lat' dir='ltr'>huiusmodi</span> <span class='ocrx_word' id='word_1_276' title='bbox 1117 2765 1272 2812; x_wconf 82' lang='lat' dir='ltr'>coniecturas</span> <span class='ocrx_word' id='word_1_277' title='bbox 1294 2772 1459 2823; x_wconf 90' lang='lat' dir='ltr'>memoraret,</span> <span class='ocrx_word' id='word_1_278' title='bbox 1486 2771 1512 2812; x_wconf 89' lang='lat' dir='ltr'>et</span> 
     </span>
     <span class='ocr_line' id='line_1_50' title="bbox 957 2842 1512 2908; baseline -0.009 -14"><span class='ocrx_word' id='word_1_279' title='bbox 957 2845 1161 2908; x_wconf 85' lang='lat' dir='ltr'>reprehenderet,</span> <span class='ocrx_word' id='word_1_280' title='bbox 1177 2842 1294 2900; x_wconf 89' lang='lat' dir='ltr'>minime,</span> <span class='ocrx_word' id='word_1_281' title='bbox 1310 2849 1339 2890; x_wconf 90' lang='lat' dir='ltr'>ut</span> <span class='ocrx_word' id='word_1_282' title='bbox 1349 2842 1512 2904; x_wconf 88' lang='lat' dir='ltr'>reprehendit</span> 
     </span>
     <span class='ocr_line' id='line_1_51' title="bbox 958 2922 1511 2972; baseline -0.004 0"><span class='ocrx_word' id='word_1_283' title='bbox 958 2924 1034 2972; x_wconf 86' lang='lat' dir='ltr'>aliam</span> <span class='ocrx_word' id='word_1_284' title='bbox 1050 2922 1149 2972; x_wconf 88' lang='lat' dir='ltr'>Heinsii</span> <span class='ocrx_word' id='word_1_285' title='bbox 1165 2922 1330 2970; x_wconf 84' lang='lat' dir='ltr'>coniecturam</span> <span class='ocrx_word' id='word_1_286' title='bbox 1348 2923 1380 2968; x_wconf 89' lang='lat' dir='ltr'>ad</span> <span class='ocrx_word' id='word_1_287' title='bbox 1397 2935 1434 2969; x_wconf 85' lang='lat' dir='ltr'>vs.</span> <span class='ocrx_word' id='word_1_288' title='bbox 1454 2923 1511 2970; x_wconf 82' lang='lat'>123.</span> 
     </span>
     <span class='ocr_line' id='line_1_52' title="bbox 958 3000 1512 3065; baseline -0.007 -15"><span class='ocrx_word' id='word_1_289' title='bbox 958 3017 1021 3065; x_wconf 90' lang='lat' dir='ltr'>quae</span> <span class='ocrx_word' id='word_1_290' title='bbox 1043 3001 1081 3049; x_wconf 92' lang='lat' dir='ltr'>illi</span> <span class='ocrx_word' id='word_1_291' title='bbox 1101 3015 1147 3048; x_wconf 90' lang='lat' dir='ltr'>nec</span> <span class='ocrx_word' id='word_1_292' title='bbox 1167 3000 1264 3049; x_wconf 90' lang='lat' dir='ltr'>coelum</span> <span class='ocrx_word' id='word_1_293' title='bbox 1286 3014 1332 3047; x_wconf 86' lang='lat' dir='ltr'>nee</span> <span class='ocrx_word' id='word_1_294' title='bbox 1347 3007 1440 3047; x_wconf 89' lang='lat' dir='ltr'>terram</span> <span class='ocrx_word' id='word_1_295' title='bbox 1456 3007 1512 3047; x_wconf 89' lang='lat' dir='ltr'>tan-</span> 
     </span>
     <span class='ocr_line' id='line_1_53' title="bbox 959 3078 1512 3143; baseline -0.002 -15"><span class='ocrx_word' id='word_1_296' title='bbox 959 3095 1018 3143; x_wconf 83' lang='lat' dir='ltr'>gere</span> <span class='ocrx_word' id='word_1_297' title='bbox 1035 3078 1173 3127; x_wconf 85' lang='lat' dir='ltr'>videbatur.</span> <span class='ocrx_word' id='word_1_298' title='bbox 1206 3080 1286 3128; x_wconf 88' lang='lat' dir='ltr'>Addit</span> <span class='ocrx_word' id='word_1_299' title='bbox 1297 3080 1399 3142; x_wconf 88' lang='lat' dir='ltr'>quidem</span> <span class='ocrx_word' id='word_1_300' title='bbox 1416 3080 1512 3137; x_wconf 71' lang='lat' dir='ltr'>„Dicis</span> 
     </span>
     <span class='ocr_line' id='line_1_54' title="bbox 959 3156 1513 3222; baseline -0.002 -15"><span class='ocrx_word' id='word_1_301' title='bbox 959 3160 1053 3222; x_wconf 87' lang='lat' dir='ltr'>opinor,</span> <span class='ocrx_word' id='word_1_302' title='bbox 1070 3172 1169 3212; x_wconf 75' lang='lat' dir='ltr'>mussa,</span> <span class='ocrx_word' id='word_1_303' title='bbox 1186 3165 1211 3206; x_wconf 89' lang='lat' dir='ltr'>et</span> <span class='ocrx_word' id='word_1_304' title='bbox 1227 3156 1295 3205; x_wconf 85' lang='lat' dir='ltr'>aliud</span> <span class='ocrx_word' id='word_1_305' title='bbox 1312 3173 1389 3219; x_wconf 87' lang='lat' dir='ltr'>agens</span> <span class='ocrx_word' id='word_1_306' title='bbox 1406 3159 1454 3206; x_wconf 92' lang='lat' dir='ltr'>hoc</span> <span class='ocrx_word' id='word_1_307' title='bbox 1469 3159 1513 3206; x_wconf 85' lang='lat' dir='ltr'>ad-</span> 
     </span>
     <span class='ocr_line' id='line_1_55' title="bbox 959 3236 1513 3300; baseline 0 -16"><span class='ocrx_word' id='word_1_308' title='bbox 959 3237 1072 3293; x_wconf 85' lang='lat' dir='ltr'>notabat,</span> <span class='ocrx_word' id='word_1_309' title='bbox 1088 3238 1170 3300; x_wconf 85' lang='lat' dir='ltr'>magis</span> <span class='ocrx_word' id='word_1_310' title='bbox 1186 3244 1215 3284; x_wconf 91' lang='lat' dir='ltr'>ut</span> <span class='ocrx_word' id='word_1_311' title='bbox 1232 3237 1262 3283; x_wconf 86' lang='lat' dir='ltr'>de</span> <span class='ocrx_word' id='word_1_312' title='bbox 1279 3250 1309 3283; x_wconf 90' lang='lat' dir='ltr'>eo</span> <span class='ocrx_word' id='word_1_313' title='bbox 1324 3244 1410 3298; x_wconf 85' lang='lat' dir='ltr'>postea</span> <span class='ocrx_word' id='word_1_314' title='bbox 1422 3236 1513 3285; x_wconf 87' lang='lat' dir='ltr'>delibe-</span> 
     </span>
    </p>
   </div>
   <div class='ocr_carea' id='block_1_6' title="bbox 369 3313 1515 3696">
    <p class='ocr_par' dir='ltr' id='par_1_11' title="bbox 369 3313 1515 3696">
     <span class='ocr_line' id='line_1_56' title="bbox 369 3313 1513 3380; baseline 0.002 -19"><span class='ocrx_word' id='word_1_315' title='bbox 369 3315 423 3362; x_wconf 89' lang='lat' dir='ltr'>aliis</span> <span class='ocrx_word' id='word_1_316' title='bbox 445 3315 548 3363; x_wconf 84' lang='lat' dir='ltr'>fortasse</span> <span class='ocrx_word' id='word_1_317' title='bbox 569 3314 671 3362; x_wconf 84' lang='lat' dir='ltr'>meliora</span> <span class='ocrx_word' id='word_1_318' title='bbox 692 3314 834 3362; x_wconf 86' lang='lat' dir='ltr'>inveniendi</span> <span class='ocrx_word' id='word_1_319' title='bbox 851 3313 918 3360; x_wconf 85' lang='lat' dir='ltr'>viam</span> <span class='ocrx_word' id='word_1_320' title='bbox 960 3323 1037 3373; x_wconf 83' lang='lat' dir='ltr'>taret,</span> <span class='ocrx_word' id='word_1_321' title='bbox 1055 3330 1131 3376; x_wconf 87' lang='lat' dir='ltr'>quam</span> <span class='ocrx_word' id='word_1_322' title='bbox 1148 3317 1213 3380; x_wconf 92' lang='lat' dir='ltr'>quod</span> <span class='ocrx_word' id='word_1_323' title='bbox 1228 3322 1283 3363; x_wconf 91' lang='lat' dir='ltr'>tum</span> <span class='ocrx_word' id='word_1_324' title='bbox 1295 3315 1359 3364; x_wconf 87' lang='lat' dir='ltr'>serio</span> <span class='ocrx_word' id='word_1_325' title='bbox 1370 3317 1513 3378; x_wconf 84' lang='lat' dir='ltr'>probarat.“</span> 
     </span>
     <span class='ocr_line' id='line_1_57' title="bbox 369 3393 1513 3458; baseline 0.002 -16"><span class='ocrx_word' id='word_1_326' title='bbox 369 3395 549 3443; x_wconf 89' lang='lat' dir='ltr'>monstrabunt.</span> <span class='ocrx_word' id='word_1_327' title='bbox 566 3394 690 3456; x_wconf 86' lang='lat' dir='ltr'>Equidem</span> <span class='ocrx_word' id='word_1_328' title='bbox 698 3408 778 3450; x_wconf 85' lang='lat' dir='ltr'>nunc,</span> <span class='ocrx_word' id='word_1_329' title='bbox 790 3407 817 3440; x_wconf 93' lang='lat' dir='ltr'>re</span> <span class='ocrx_word' id='word_1_330' title='bbox 828 3393 919 3440; x_wconf 89' lang='lat' dir='ltr'>iterum</span> <span class='ocrx_word' id='word_1_331' title='bbox 960 3396 1086 3444; x_wconf 90' lang='lat' dir='ltr'>Debemus</span> <span class='ocrx_word' id='word_1_332' title='bbox 1103 3396 1161 3452; x_wconf 91' lang='lat' dir='ltr'>hoc,</span> <span class='ocrx_word' id='word_1_333' title='bbox 1183 3396 1282 3458; x_wconf 83' lang='lat' dir='ltr'>opinor,</span> <span class='ocrx_word' id='word_1_334' title='bbox 1303 3396 1439 3444; x_wconf 88' lang='lat' dir='ltr'>memoriae</span> <span class='ocrx_word' id='word_1_335' title='bbox 1460 3411 1513 3444; x_wconf 90' lang='lat' dir='ltr'>om-</span> 
     </span>
     <span class='ocr_line' id='line_1_58' title="bbox 369 3472 1515 3537; baseline 0.001 -15"><span class='ocrx_word' id='word_1_336' title='bbox 369 3475 503 3537; x_wconf 88' lang='lat' dir='ltr'>pensitata,</span> <span class='ocrx_word' id='word_1_337' title='bbox 520 3475 547 3522; x_wconf 91' lang='lat' dir='ltr'>in</span> <span class='ocrx_word' id='word_1_338' title='bbox 564 3489 618 3522; x_wconf 88' lang='lat' dir='ltr'>eam</span> <span class='ocrx_word' id='word_1_339' title='bbox 636 3475 783 3522; x_wconf 84' lang='lat' dir='ltr'>sententiam</span> <span class='ocrx_word' id='word_1_340' title='bbox 800 3472 919 3536; x_wconf 86' lang='lat' dir='ltr'>proclino,</span> <span class='ocrx_word' id='word_1_341' title='bbox 961 3475 1044 3532; x_wconf 85' lang='lat' dir='ltr'>nium,</span> <span class='ocrx_word' id='word_1_342' title='bbox 1061 3489 1168 3536; x_wconf 87' lang='lat' dir='ltr'>quorum</span> <span class='ocrx_word' id='word_1_343' title='bbox 1180 3474 1257 3524; x_wconf 82' lang='lat' dir='ltr'>MSS.</span> <span class='ocrx_word' id='word_1_344' title='bbox 1269 3475 1376 3533; x_wconf 87' lang='lat' dir='ltr'>utimur,</span> <span class='ocrx_word' id='word_1_345' title='bbox 1387 3482 1417 3522; x_wconf 93' lang='lat' dir='ltr'>ut</span> <span class='ocrx_word' id='word_1_346' title='bbox 1429 3474 1515 3523; x_wconf 86' lang='lat' dir='ltr'>huius·</span> 
     </span>
     <span class='ocr_line' id='line_1_59' title="bbox 370 3551 1515 3619; baseline 0.003 -18"><span class='ocrx_word' id='word_1_347' title='bbox 370 3561 398 3601; x_wconf 90' lang='lat' dir='ltr'>ut</span> <span class='ocrx_word' id='word_1_348' title='bbox 408 3561 489 3602; x_wconf 87' lang='lat' dir='ltr'>toturn</span> <span class='ocrx_word' id='word_1_349' title='bbox 501 3567 601 3600; x_wconf 84' lang='lat' dir='ltr'>versum</span> <span class='ocrx_word' id='word_1_350' title='bbox 610 3553 641 3599; x_wconf 93' lang='lat' dir='ltr'>ab</span> <span class='ocrx_word' id='word_1_351' title='bbox 652 3551 832 3613; x_wconf 82' lang='lat' dir='ltr'>interpolatrire</span> <span class='ocrx_word' id='word_1_352' title='bbox 843 3567 920 3599; x_wconf 88' lang='lat' dir='ltr'>manu</span> <span class='ocrx_word' id='word_1_353' title='bbox 961 3552 1028 3600; x_wconf 88' lang='lat' dir='ltr'>modi</span> <span class='ocrx_word' id='word_1_354' title='bbox 1044 3560 1194 3600; x_wconf 89' lang='lat' dir='ltr'>correcturas</span> <span class='ocrx_word' id='word_1_355' title='bbox 1210 3554 1310 3603; x_wconf 88' lang='lat' dir='ltr'>silentio</span> <span class='ocrx_word' id='word_1_356' title='bbox 1320 3563 1515 3619; x_wconf 86' lang='lat' dir='ltr'>praetereamus.</span> 
     </span>
     <span class='ocr_line' id='line_1_60' title="bbox 370 3629 1510 3696; baseline 0.003 -17"><span class='ocrx_word' id='word_1_357' title='bbox 370 3632 493 3680; x_wconf 86' lang='lat' dir='ltr'>intrusum</span> <span class='ocrx_word' id='word_1_358' title='bbox 518 3631 623 3678; x_wconf 90' lang='lat' dir='ltr'>credam.</span> <span class='ocrx_word' id='word_1_359' title='bbox 657 3630 698 3677; x_wconf 91' lang='lat' dir='ltr'>Ita</span> <span class='ocrx_word' id='word_1_360' title='bbox 721 3629 813 3691; x_wconf 91' lang='lat' dir='ltr'>optime</span> <span class='ocrx_word' id='word_1_361' title='bbox 838 3631 921 3678; x_wconf 90' lang='lat' dir='ltr'>omnia</span> <span class='ocrx_word' id='word_1_362' title='bbox 961 3631 1088 3681; x_wconf 89' lang='lat' dir='ltr'>Bentleins</span> <span class='ocrx_word' id='word_1_363' title='bbox 1112 3635 1201 3679; x_wconf 71' lang='lat' dir='ltr'>artum</span> <span class='ocrx_word' id='word_1_364' title='bbox 1226 3638 1322 3692; x_wconf 87' lang='lat' dir='ltr'>tuetur,</span> <span class='ocrx_word' id='word_1_365' title='bbox 1349 3641 1374 3681; x_wconf 88' lang='lat' dir='ltr'>et</span> <span class='ocrx_word' id='word_1_366' title='bbox 1399 3635 1510 3696; x_wconf 84' lang='lat' dir='ltr'>exponit:</span> 
     </span>
    </p>
   </div>
   <div class='ocr_carea' id='block_1_7' title="bbox 371 3707 1557 3774">
    <p class='ocr_par' dir='ltr' id='par_1_12' title="bbox 371 3707 1557 3774">
     <span class='ocr_line' id='line_1_61' title="bbox 371 3707 1557 3774; baseline 0.004 -18"><span class='ocrx_word' id='word_1_367' title='bbox 371 3709 503 3757; x_wconf 86' lang='lat' dir='ltr'>cohaerent</span> <span class='ocrx_word' id='word_1_368' title='bbox 526 3722 571 3756; x_wconf 87' lang='lat' dir='ltr'>nec</span> <span class='ocrx_word' id='word_1_369' title='bbox 596 3708 730 3771; x_wconf 89' lang='lat' dir='ltr'>quidquam</span> <span class='ocrx_word' id='word_1_370' title='bbox 754 3707 821 3755; x_wconf 88' lang='lat' dir='ltr'>ultra</span> <span class='ocrx_word' id='word_1_371' title='bbox 842 3710 920 3771; x_wconf 83' lang='lat' dir='ltr'>perfe-</span> <span class='ocrx_word' id='word_1_372' title='bbox 963 3710 1037 3759; x_wconf 91' lang='lat' dir='ltr'>Unde</span> <span class='ocrx_word' id='word_1_373' title='bbox 1054 3711 1097 3758; x_wconf 83' lang='lat' dir='ltr'>ribi</span> <span class='ocrx_word' id='word_1_374' title='bbox 1120 3712 1217 3768; x_wconf 88' lang='lat' dir='ltr'>datum,</span> <span class='ocrx_word' id='word_1_375' title='bbox 1242 3713 1308 3774; x_wconf 89' lang='lat' dir='ltr'>quod</span> <span class='ocrx_word' id='word_1_376' title='bbox 1333 3713 1423 3769; x_wconf 87' lang='lat' dir='ltr'>sentis,</span> <span class='ocrx_word' id='word_1_377' title='bbox 1449 3714 1516 3760; x_wconf 87' lang='lat' dir='ltr'>unde</span> <span class='ocrx_word' id='word_1_378' title='bbox 1549 3749 1557 3761; x_wconf 66' lang='grc'>.»</span> 
     </span>
    </p>
   </div>
   <div class='ocr_carea' id='block_1_8' title="bbox 372 3786 1520 4559">
    <p class='ocr_par' dir='ltr' id='par_1_13' title="bbox 372 3786 1520 4559">
     <span class='ocr_line' id='line_1_62' title="bbox 372 3786 1515 3854; baseline 0.004 -19"><span class='ocrx_word' id='word_1_379' title='bbox 372 3794 439 3835; x_wconf 91' lang='lat' dir='ltr'>ctum</span> <span class='ocrx_word' id='word_1_380' title='bbox 448 3786 586 3834; x_wconf 47' lang='lat' dir='ltr'>trahitur?</span> <span class='ocrx_word' id='word_1_381' title='bbox 620 3786 677 3848; x_wconf 84' lang='lat' dir='ltr'>Ego</span> <span class='ocrx_word' id='word_1_382' title='bbox 693 3787 801 3845; x_wconf 79' lang='lat' dir='ltr'>tentavi,</span> <span class='ocrx_word' id='word_1_383' title='bbox 822 3802 855 3835; x_wconf 90' lang='lat' dir='ltr'>an</span> <span class='ocrx_word' id='word_1_384' title='bbox 877 3788 920 3836; x_wconf 89' lang='lat' dir='ltr'>dif·</span> <span class='ocrx_word' id='word_1_385' title='bbox 962 3789 1007 3838; x_wconf 90' lang='lat' dir='ltr'>tibi</span> <span class='ocrx_word' id='word_1_386' title='bbox 1022 3803 1178 3847; x_wconf 87' lang='lat' dir='ltr'>concessum,</span> <span class='ocrx_word' id='word_1_387' title='bbox 1189 3797 1217 3837; x_wconf 88' lang='lat' dir='ltr'>ut</span> <span class='ocrx_word' id='word_1_388' title='bbox 1229 3791 1332 3847; x_wconf 88' lang='lat' dir='ltr'>sentias,</span> <span class='ocrx_word' id='word_1_389' title='bbox 1344 3793 1419 3854; x_wconf 88' lang='lat' dir='ltr'>idque</span> <span class='ocrx_word' id='word_1_390' title='bbox 1431 3807 1515 3840; x_wconf 85' lang='lat' dir='ltr'>exem-</span> 
     </span>
     <span class='ocr_line' id='line_1_63' title="bbox 372 3864 1516 3932; baseline -0.001 -17"><span class='ocrx_word' id='word_1_391' title='bbox 372 3865 469 3915; x_wconf 86' lang='lat' dir='ltr'>licultas</span> <span class='ocrx_word' id='word_1_392' title='bbox 485 3865 520 3914; x_wconf 88' lang='lat' dir='ltr'>sie</span> <span class='ocrx_word' id='word_1_393' title='bbox 537 3865 647 3927; x_wconf 88' lang='lat' dir='ltr'>expediri</span> <span class='ocrx_word' id='word_1_394' title='bbox 664 3864 752 3927; x_wconf 88' lang='lat' dir='ltr'>possit:</span> <span class='ocrx_word' id='word_1_395' title='bbox 782 3864 866 3915; x_wconf 80' lang='lat' dir='ltr'>Carne</span> <span class='ocrx_word' id='word_1_396' title='bbox 883 3873 920 3914; x_wconf 86' lang='lat' dir='ltr'>ta·</span> <span class='ocrx_word' id='word_1_397' title='bbox 962 3869 1008 3932; x_wconf 90' lang='lat' dir='ltr'>plis</span> <span class='ocrx_word' id='word_1_398' title='bbox 1024 3868 1162 3916; x_wconf 89' lang='lat' dir='ltr'>confirmat.</span> <span class='ocrx_word' id='word_1_399' title='bbox 1195 3870 1235 3917; x_wconf 91' lang='lat' dir='ltr'>De</span> <span class='ocrx_word' id='word_1_400' title='bbox 1255 3869 1393 3916; x_wconf 88' lang='lat' dir='ltr'>Latinitate</span> <span class='ocrx_word' id='word_1_401' title='bbox 1415 3868 1516 3931; x_wconf 86' lang='lat' dir='ltr'>quidam</span> 
     </span>
     <span class='ocr_line' id='line_1_64' title="bbox 373 3944 1517 4008; baseline -0.002 -12"><span class='ocrx_word' id='word_1_402' title='bbox 373 3963 441 4003; x_wconf 81' lang='lat' dir='ltr'>men,</span> <span class='ocrx_word' id='word_1_403' title='bbox 458 3961 534 4008; x_wconf 79' lang='lat' dir='ltr'>quarn</span> <span class='ocrx_word' id='word_1_404' title='bbox 551 3947 605 4001; x_wconf 81' lang='lat' dir='ltr'>uis,</span> <span class='ocrx_word' id='word_1_405' title='bbox 621 3944 702 3992; x_wconf 76' lang='lat' dir='ltr'>distat</span> <span class='ocrx_word' id='word_1_406' title='bbox 720 3944 784 3990; x_wconf 80' lang='lat' dir='ltr'>nibil</span> <span class='ocrx_word' id='word_1_407' title='bbox 794 3945 853 3994; x_wconf 79' lang='lat' dir='ltr'>loeo</span> <span class='ocrx_word' id='word_1_408' title='bbox 865 3949 921 3995; x_wconf 82' lang='lat' dir='ltr'>ouis</span> <span class='ocrx_word' id='word_1_409' title='bbox 962 3950 1051 3996; x_wconf 79' lang='lat' dir='ltr'>dutum</span> <span class='ocrx_word' id='word_1_410' title='bbox 1067 3950 1146 3996; x_wconf 82' lang='lat' dir='ltr'>sentis</span> <span class='ocrx_word' id='word_1_411' title='bbox 1165 3962 1239 3996; x_wconf 90' lang='lat' dir='ltr'>nemo</span> <span class='ocrx_word' id='word_1_412' title='bbox 1255 3947 1390 3996; x_wconf 84' lang='lat' dir='ltr'>dubitabit:</span> <span class='ocrx_word' id='word_1_413' title='bbox 1412 3949 1445 3996; x_wconf 91' lang='lat' dir='ltr'>de</span> <span class='ocrx_word' id='word_1_414' title='bbox 1461 3962 1517 3996; x_wconf 90' lang='lat' dir='ltr'>sen-</span> 
     </span>
     <span class='ocr_line' id='line_1_65' title="bbox 372 4022 1519 4091; baseline -0.002 -17"><span class='ocrx_word' id='word_1_415' title='bbox 372 4028 427 4075; x_wconf 81' lang='lat' dir='ltr'>illo.</span> <span class='ocrx_word' id='word_1_416' title='bbox 461 4025 520 4074; x_wconf 86' lang='lat' dir='ltr'>Nou</span> <span class='ocrx_word' id='word_1_417' title='bbox 537 4023 589 4071; x_wconf 88' lang='lat' dir='ltr'>edis</span> <span class='ocrx_word' id='word_1_418' title='bbox 605 4023 709 4070; x_wconf 89' lang='lat' dir='ltr'>caudam</span> <span class='ocrx_word' id='word_1_419' title='bbox 726 4022 839 4085; x_wconf 82' lang='lat' dir='ltr'>pavonis.</span> <span class='ocrx_word' id='word_1_420' title='bbox 872 4023 921 4072; x_wconf 90' lang='lat' dir='ltr'>Vis</span> <span class='ocrx_word' id='word_1_421' title='bbox 962 4026 1054 4083; x_wconf 87' lang='lat' dir='ltr'>tentia,</span> <span class='ocrx_word' id='word_1_422' title='bbox 1071 4025 1175 4075; x_wconf 84' lang='lat' dir='ltr'>fortasse</span> <span class='ocrx_word' id='word_1_423' title='bbox 1190 4041 1257 4074; x_wconf 90' lang='lat' dir='ltr'>unns</span> <span class='ocrx_word' id='word_1_424' title='bbox 1275 4032 1300 4074; x_wconf 91' lang='lat' dir='ltr'>et</span> <span class='ocrx_word' id='word_1_425' title='bbox 1312 4027 1390 4086; x_wconf 90' lang='lat' dir='ltr'>alter,</span> <span class='ocrx_word' id='word_1_426' title='bbox 1405 4041 1470 4091; x_wconf 88' lang='lat' dir='ltr'>quae</span> <span class='ocrx_word' id='word_1_427' title='bbox 1481 4027 1519 4074; x_wconf 87' lang='lat' dir='ltr'>sie</span> 
     </span>
     <span class='ocr_line' id='line_1_66' title="bbox 373 4101 1520 4168; baseline -0.001 -15"><span class='ocrx_word' id='word_1_428' title='bbox 373 4119 487 4153; x_wconf 87' lang='lat' dir='ltr'>carnem:</span> <span class='ocrx_word' id='word_1_429' title='bbox 505 4103 574 4166; x_wconf 89' lang='lat' dir='ltr'>atqui</span> <span class='ocrx_word' id='word_1_430' title='bbox 590 4116 648 4150; x_wconf 89' lang='lat' dir='ltr'>earo</span> <span class='ocrx_word' id='word_1_431' title='bbox 664 4101 767 4165; x_wconf 89' lang='lat' dir='ltr'>pavonis</span> <span class='ocrx_word' id='word_1_432' title='bbox 779 4108 804 4149; x_wconf 93' lang='lat' dir='ltr'>et</span> <span class='ocrx_word' id='word_1_433' title='bbox 815 4101 922 4164; x_wconf 80' lang='lat' dir='ltr'>gallinae</span> <span class='ocrx_word' id='word_1_434' title='bbox 962 4105 1091 4153; x_wconf 82' lang='lat' dir='ltr'>sehabet:</span> <span class='ocrx_word' id='word_1_435' title='bbox 1114 4112 1173 4155; x_wconf 80' lang='lat' dir='ltr'>esto.</span> <span class='ocrx_word' id='word_1_436' title='bbox 1195 4109 1251 4168; x_wconf 79' lang='lat' dir='ltr'>quis</span> <span class='ocrx_word' id='word_1_437' title='bbox 1276 4107 1325 4154; x_wconf 81' lang='lat' dir='ltr'>tibi</span> <span class='ocrx_word' id='word_1_438' title='bbox 1341 4106 1429 4152; x_wconf 77' lang='lat' dir='ltr'>dedit?</span> <span class='ocrx_word' id='word_1_439' title='bbox 1460 4106 1520 4168; x_wconf 76' lang='lat' dir='ltr'>Hoc</span> 
     </span>
     <span class='ocr_line' id='line_1_67' title="bbox 373 4181 1519 4247; baseline -0.001 -16"><span class='ocrx_word' id='word_1_440' title='bbox 373 4181 536 4231; x_wconf 85' lang='lat' dir='ltr'>nihildiffert.</span> <span class='ocrx_word' id='word_1_441' title='bbox 562 4183 596 4230; x_wconf 85' lang='lat' dir='ltr'>Et</span> <span class='ocrx_word' id='word_1_442' title='bbox 607 4188 691 4230; x_wconf 88' lang='lat' dir='ltr'>tamen</span> <span class='ocrx_word' id='word_1_443' title='bbox 701 4181 780 4229; x_wconf 79' lang='lat' dir='ltr'>mavis</span> <span class='ocrx_word' id='word_1_444' title='bbox 791 4195 921 4243; x_wconf 88' lang='lat' dir='ltr'>pavonem.</span> <span class='ocrx_word' id='word_1_445' title='bbox 962 4197 1012 4232; x_wconf 90' lang='lat' dir='ltr'>nou</span> <span class='ocrx_word' id='word_1_446' title='bbox 1028 4190 1094 4231; x_wconf 89' lang='lat' dir='ltr'>recte</span> <span class='ocrx_word' id='word_1_447' title='bbox 1110 4185 1224 4247; x_wconf 90' lang='lat' dir='ltr'>procedit.</span> <span class='ocrx_word' id='word_1_448' title='bbox 1258 4183 1431 4246; x_wconf 89' lang='lat' dir='ltr'>Missopriore</span> <span class='ocrx_word' id='word_1_449' title='bbox 1442 4195 1519 4243; x_wconf 81' lang='lat' dir='ltr'>argn-</span> 
     </span>
     <span class='ocr_line' id='line_1_68' title="bbox 374 4260 1519 4324; baseline -0.001 -14"><span class='ocrx_word' id='word_1_450' title='bbox 374 4261 544 4324; x_wconf 75' lang='lat' dir='ltr'>Ergoiormae</span> <span class='ocrx_word' id='word_1_451' title='bbox 554 4260 825 4322; x_wconf 87' lang='lat' dir='ltr'>imparestedeeipiunt.</span> <span class='ocrx_word' id='word_1_452' title='bbox 838 4262 921 4319; x_wconf 79' lang='lat' dir='ltr'>Quam</span> <span class='ocrx_word' id='word_1_453' title='bbox 961 4269 1057 4319; x_wconf 90' lang='lat' dir='ltr'>mento,</span> <span class='ocrx_word' id='word_1_454' title='bbox 1073 4262 1102 4310; x_wconf 82' lang='lat' dir='ltr'>fit</span> <span class='ocrx_word' id='word_1_455' title='bbox 1117 4264 1238 4312; x_wconf 84' lang='lat' dir='ltr'>transitus</span> <span class='ocrx_word' id='word_1_456' title='bbox 1255 4264 1287 4311; x_wconf 86' lang='lat' dir='ltr'>ad</span> <span class='ocrx_word' id='word_1_457' title='bbox 1308 4261 1384 4310; x_wconf 87' lang='lat' dir='ltr'>aliud.</span> <span class='ocrx_word' id='word_1_458' title='bbox 1410 4261 1519 4310; x_wconf 82' lang='lat' dir='ltr'>Deside-</span> 
     </span>
     <span class='ocr_line' id='line_1_69' title="bbox 374 4338 1520 4406; baseline 0 -18"><span class='ocrx_word' id='word_1_459' title='bbox 374 4343 425 4398; x_wconf 75' lang='lat' dir='ltr'>vu,</span> <span class='ocrx_word' id='word_1_460' title='bbox 442 4340 511 4388; x_wconf 88' lang='lat' dir='ltr'>utin</span> <span class='ocrx_word' id='word_1_461' title='bbox 528 4339 608 4402; x_wconf 85' lang='lat' dir='ltr'>Epist.</span> <span class='ocrx_word' id='word_1_462' title='bbox 625 4340 656 4386; x_wconf 89' lang='lat' dir='ltr'>ad</span> <span class='ocrx_word' id='word_1_463' title='bbox 674 4339 791 4387; x_wconf 90' lang='lat' dir='ltr'>Pisones:</span> <span class='ocrx_word' id='word_1_464' title='bbox 811 4338 923 4401; x_wconf 78' lang='lat' dir='ltr'>Denique</span> <span class='ocrx_word' id='word_1_465' title='bbox 962 4347 1032 4387; x_wconf 89' lang='lat' dir='ltr'>ratur</span> <span class='ocrx_word' id='word_1_466' title='bbox 1047 4342 1182 4403; x_wconf 85' lang='lat' dir='ltr'>particula,</span> <span class='ocrx_word' id='word_1_467' title='bbox 1198 4342 1280 4406; x_wconf 89' lang='lat' dir='ltr'>qualis</span> <span class='ocrx_word' id='word_1_468' title='bbox 1296 4343 1351 4398; x_wconf 82' lang='lat' dir='ltr'>sed,</span> <span class='ocrx_word' id='word_1_469' title='bbox 1367 4355 1433 4388; x_wconf 84' lang='lat' dir='ltr'>vero.</span> <span class='ocrx_word' id='word_1_470' title='bbox 1467 4341 1520 4389; x_wconf 87' lang='lat' dir='ltr'>Le-</span> 
     </span>
     <span class='ocr_line' id='line_1_70' title="bbox 372 4417 1520 4486; baseline 0.003 -21"><span class='ocrx_word' id='word_1_471' title='bbox 372 4420 420 4475; x_wconf 79' lang='lat' dir='ltr'>sit,</span> <span class='ocrx_word' id='word_1_472' title='bbox 435 4422 500 4486; x_wconf 85' lang='lat' dir='ltr'>qnod</span> <span class='ocrx_word' id='word_1_473' title='bbox 513 4420 689 4482; x_wconf 54' lang='lat' dir='ltr'>vumtmples.</span> <span class='ocrx_word' id='word_1_474' title='bbox 725 4419 780 4467; x_wconf 88' lang='lat' dir='ltr'>Iam</span> <span class='ocrx_word' id='word_1_475' title='bbox 792 4417 923 4480; x_wconf 88' lang='lat' dir='ltr'>Xylander</span> <span class='ocrx_word' id='word_1_476' title='bbox 962 4418 1071 4479; x_wconf 86' lang='lat' dir='ltr'>gendum</span> <span class='ocrx_word' id='word_1_477' title='bbox 1098 4427 1171 4482; x_wconf 87' lang='lat' dir='ltr'>puto:</span> <span class='ocrx_word' id='word_1_478' title='bbox 1210 4422 1283 4468; x_wconf 73' lang='lat' dir='ltr'>Unde</span> <span class='ocrx_word' id='word_1_479' title='bbox 1316 4424 1402 4466; x_wconf 82' lang='lat' dir='ltr'>autem</span> <span class='ocrx_word' id='word_1_480' title='bbox 1429 4421 1520 4468; x_wconf 76' lang='lat' dir='ltr'>sentis.</span> 
     </span>
     <span class='ocr_line' id='line_1_71' title="bbox 373 4495 1519 4559; baseline 0.001 -16"><span class='ocrx_word' id='word_1_481' title='bbox 373 4496 510 4544; x_wconf 81' lang='lat' dir='ltr'>coniecerat</span> <span class='ocrx_word' id='word_1_482' title='bbox 537 4513 612 4559; x_wconf 84' lang='lat' dir='ltr'>quom</span> <span class='ocrx_word' id='word_1_483' title='bbox 640 4499 685 4545; x_wconf 79' lang='lat' dir='ltr'>ais.</span> <span class='ocrx_word' id='word_1_484' title='bbox 724 4497 755 4543; x_wconf 91' lang='lat' dir='ltr'>ln</span> <span class='ocrx_word' id='word_1_485' title='bbox 785 4510 813 4543; x_wconf 80' lang='lat' dir='ltr'>oo</span> <span class='ocrx_word' id='word_1_486' title='bbox 840 4495 922 4544; x_wconf 87' lang='lat' dir='ltr'>Bentl.</span> <span class='ocrx_word' id='word_1_487' title='bbox 942 4539 944 4541; x_wconf 81' lang='lat'>.</span> <span class='ocrx_word' id='word_1_488' title='bbox 962 4498 1035 4544; x_wconf 87' lang='lat' dir='ltr'>Esto:</span> <span class='ocrx_word' id='word_1_489' title='bbox 1053 4499 1181 4547; x_wconf 86' lang='lat' dir='ltr'>mittamus</span> <span class='ocrx_word' id='word_1_490' title='bbox 1197 4500 1252 4547; x_wconf 90' lang='lat' dir='ltr'>ista.</span> <span class='ocrx_word' id='word_1_491' title='bbox 1287 4498 1325 4546; x_wconf 88' lang='lat' dir='ltr'>Sit</span> <span class='ocrx_word' id='word_1_492' title='bbox 1346 4497 1399 4545; x_wconf 79' lang='lat' dir='ltr'>tibi</span> <span class='ocrx_word' id='word_1_493' title='bbox 1408 4505 1461 4544; x_wconf 85' lang='lat' dir='ltr'>tam</span> <span class='ocrx_word' id='word_1_494' title='bbox 1480 4513 1519 4545; x_wconf 87' lang='lat' dir='ltr'>sa-</span> 
     </span>
    </p>
   </div>
   <div class='ocr_carea' id='block_1_9' title="bbox 0 0 1802 5634">
    <p class='ocr_par' dir='ltr' id='par_1_14' title="bbox 0 0 1802 5634">
     <span class='ocr_line' id='line_1_72' title="bbox 0 0 1802 5634; baseline 0 0"><span class='ocrx_word' id='word_1_495' title='bbox 0 0 1802 5634; x_wconf 95' lang='lat' dir='ltr'> </span> 
     </span>
    </p>
   </div>
  </div>
 </body>
</html>
