3542 5634
385 456 426 516 74
768 446 1131 514 SATIRARUM.

426 639 573 702 Ventum
596 642 665 700 erat
687 634 729 698 ad
751 633 889 715 Vestae,
915 637 1031 716 quarta
1048 631 1114 695 iam
1137 635 1229 714 parte
1253 630 1319 694 diei

428 738 624 820 Praeterita,
649 743 683 802 et
705 759 783 801 casu
806 742 885 801 tunc
906 735 1101 820 respondere
1123 732 1241 798 vadato

428 841 594 922 Debebat,
619 840 707 924 quod
730 839 766 902 ni
788 839 940 919 fecisset,
964 837 1098 922 perdere
1118 836 1222 900 litem.

429 944 489 1028 „Si
504 966 558 1008 me
574 945 708 1024 amas,“
725 941 853 1026 inquit,
873 940 1046 1024 „paullum
1062 938 1116 1002 hio
1131 938 1244 1002 ades.“
1270 937 1473 1018 „lnteream,
1492 938 1520 1002 si

427 1049 500 1112 Aut
522 1045 615 1111 valeo
641 1050 728 1109 stare
751 1049 809 1108 aut
831 1042 909 1108 novi
933 1040 1045 1106 civilia
1066 1041 1155 1117 iura3

427 1149 474 1213 Et
486 1169 622 1233 propero
638 1168 702 1231 quo
717 1145 817 1210 scis.“
842 1143 997 1226 „Dubius
1014 1164 1107 1224 sum,
1126 1141 1206 1226 quid
1221 1140 1340 1206 faciam
1352 1147 1385 1225 ,“
1399 1143 1521 1228 inquit,

429 1252 536 1334 „Tene
550 1249 735 1333 relinquam
749 1271 791 1312 an
803 1250 908 1312 rem.“
927 1245 1021 1329 ,‚Me,
1035 1245 1165 1310 sodes.“
1184 1245 1240 1326 „N
1240 1267 1283 1308 on
1299 1245 1440 1310 faciam“
1453 1245 1523 1326 ille,

428 1355 474 1418 Et
495 1352 685 1437 praecedere
708 1349 834 1434 coepit3
858 1369 940 1434 ege,
964 1353 1003 1413 ut
1027 1347 1221 1412 contendere
1244 1347 1363 1412 durum

383 1449 387 1453 ’
430 1457 516 1522 Cum
537 1454 674 1535 victore,
700 1474 824 1537 sequor.
873 1451 1068 1533 „Maecenas
1092 1449 1255 1534 quomodo
1277 1452 1431 1514 tecum?“

430 1559 519 1624 Hinc
535 1556 662 1640 repetit.
688 1555 896 1638 „Paucorum
912 1552 1084 1617 hominum
1101 1557 1134 1616 et
1149 1551 1271 1616 mentis
1287 1553 1370 1618 bene
1386 1557 1522 1618 sanae.“

431 1661 558 1743 „Nemo
582 1658 746 1723 dexterius
770 1656 903 1721 fortuna
926 1660 977 1720 est
1000 1677 1088 1719 usus.
1138 1654 1283 1719 Haberes

430 1765 590 1847 Magnum
613 1761 812 1842 adiutorem,
836 1765 950 1844 posset
973 1759 1029 1842 qui
1053 1757 1135 1823 ferre
1158 1758 1336 1840 secundas,

430 1868 528 1930 Hunc
551 1863 719 1929 hominem
741 1861 844 1926 velles
868 1861 902 1930 si.
921 1860 1065 1925 tradere:
1090 1859 1290 1944 dispeream,
1315 1862 1351 1924 ni

431 1972 637 2036 Summosses
660 1968 808 2030 omnes.“
858 1964 957 2047 „Non
981 1963 1046 2028 isto
1068 1962 1191 2028 vivitur
1213 1962 1300 2046 illic,

429 2073 501 2153 Quo
523 2076 561 2135 tu
583 2091 669 2151 rere,
694 2068 807 2132 modo:
837 2067 954 2131 domus
978 2065 1039 2130 hac
1063 2087 1123 2129 neo
1147 2065 1258 2150 purior
1280 2066 1350 2130 ulla
1373 2073 1424 2132 est

429 2176 498 2240 Nec
521 2172 628 2257 magis
652 2171 704 2236 his
729 2171 837 2234 aliena
858 2170 974 2247 malis3
999 2168 1048 2232 nil
1071 2170 1118 2232 mi
1141 2167 1243 2233 officit
1264 2191 1441 2254 umquam,

385 2289 387 2291 ’
431 2278 539 2342 Ditior
562 2275 615 2338 hic
638 2278 697 2338 aut
719 2279 770 2337 est
793 2272 871 2357 quia
893 2271 1019 2336 doctior
1027 2297 1035 2349 3
1061 2275 1112 2335 est
1133 2269 1224 2335 locus
1250 2272 1324 2336 uni-

431 2380 558 2464 Ouique
580 2379 695 2442 suus“
738 2376 922 2458 „Magnum
941 2396 1071 2456 narras,
1096 2373 1152 2437 vix
1171 2373 1358 2440 credibile.“
1397 2378 1526 2462 „Atqui

432 2482 485 2548 Sic
507 2481 641 2546 habet“
688 2477 890 2561 „Accendis,
915 2498 1014 2563 quare
1037 2475 1168 2560 cupiam
1191 2477 1299 2561 magis
1322 2478 1374 2542 illi

431 2584 605 2649 Proximus
629 2585 733 2646 esse.“
780 2579 894 2662 „Velis
918 2577 1166 2656 tantummod03
1190 2600 1272 2663 quae
1296 2585 1354 2644 tua
1374 2581 1498 2663 virtus,

433 2686 665 2772 Expugnabis3
690 2691 723 2749 et
746 2683 876 2768 estqui
899 2683 987 2747 vinci
1009 2681 1133 2767 possit,
1158 2703 1259 2766 eoque

386 2853 612 2903 vmaceaceoina'rre
625 2855 734 2911 Pareae,
770 2851 844 2908 Quod
858 2853 933 2898 smel
976 2851 997 2898 si
1012 2851 1059 2897 sim
1076 2851 1203 2898 secundus.
1238 2850 1329 2913 Aequo
1345 2852 1427 2898 animo
1443 2858 1527 2912 partes

386 2936 543 2981 dictumest.
576 2931 611 2980 Et
620 2931 685 2992 fata
702 2928 857 2992 appellantur
872 2930 933 2976 libri
974 2930 1094 2976 secundas
1122 2928 1206 2976 feram.
1253 2930 1358 2978 Horatio
1386 2929 1526 2986 blanditur,

380 3011 493 3074 fatales,
524 3008 575 3056 fata
607 3009 768 3056 continentes.
802 3009 844 3055 Ex
877 3022 933 3055 scn—
975 3009 1045 3070 quasi
1061 3009 1143 3057 omnia
1164 3007 1229 3070 apud
1250 3009 1419 3056 Maecenatem
1435 3015 1526 3071 posset.

386 3091 465 3138 tentia
480 3089 528 3137 loci
544 3090 603 3136 satis
621 3089 774 3152 perspicitur,
793 3085 871 3135 fatum
889 3086 933 3136 Sa·
975 3088 1008 3134 Et
1025 3088 1142 3136 Horatius
1164 3088 1194 3135 de
1212 3090 1334 3137 tradendo
1351 3103 1380 3136 eo
1396 3102 1446 3136 non
1462 3089 1526 3150 cogi-

387 3169 464 3216 bellae
486 3184 502 3214 a
526 3168 596 3216 nullo
621 3174 747 3231 acceptum
765 3166 797 3213 iri
817 3167 849 3214 de
859 3167 933 3227 saro,
974 3167 1052 3223 tabat,
1074 3168 1172 3214 tantum
1188 3167 1339 3229 respondens
1357 3167 1388 3213 ad
1405 3166 1443 3223 id,
1460 3166 1527 3229 quod

386 3248 452 3310 quod
467 3245 514 3308 ipsi
532 3248 647 3294 Sabellae
663 3246 790 3294 accideret.
976 3245 1093 3308 garrulus
1110 3247 1230 3309 deprimo
1242 3253 1267 3294 ot
1277 3247 1384 3294 secundo
1394 3246 1448 3294 looo
1459 3246 1526 3294 dixe-

420 3327 509 3372 Posset
534 3325 579 3385 qui
595 3323 670 3384 ferre
693 3327 828 3381 secundos,
854 3323 933 3371 Hunc
976 3333 1022 3372 rat.
1042 3325 1083 3374 Sic
1093 3325 1237 3387 ibi,inqnit,
1249 3339 1299 3373 non
1309 3327 1410 3376 vivitur.
1429 3327 1527 3374 Maece-

387 3406 508 3452 lrominem
525 3404 600 3450 velles
615 3404 757 3452 sitradere.
792 3401 883 3464 Aptior
895 3415 933 3448 es·
976 3404 1236 3466 ussineovulgarem
1244 3405 1528 3454 eonsuetudinemaulae

386 3489 423 3529 set
438 3481 573 3539 sententia,
593 3482 614 3528 si
634 3481 750 3544 garrulus
772 3480 876 3530 Horatio
898 3481 934 3528 sie
975 3499 1026 3533 non
1043 3481 1198 3545 sequebatur.
1223 3483 1265 3530 Ita
1280 3484 1330 3531 iam
1348 3491 1401 3532 erat
1416 3492 1528 3546 tempore

385 3560 555 3622 responderet:
580 3561 660 3608 Nemo
685 3563 814 3608 dexterius
823 3561 935 3623 fortuna
977 3562 1137 3624 Augusti,et
1148 3561 1268 3624 deinceps.
1288 3561 1389 3611 Sueten.
1401 3561 1492 3612 Othon.
1501 3563 1527 3611 2.

387 3644 412 3686 te
427 3653 501 3686 usus:
519 3639 620 3684 tabem
646 3636 770 3698 Mopsum
786 3640 934 3693 adiutorem,
978 3645 1032 3690 Per
1058 3642 1123 3688 hanc
1146 3642 1294 3690 insinuatus
1327 3644 1425 3690 Neroni
1448 3641 1530 3705 facile

385 3721 468 3777 posset
484 3714 603 3776 quiserre
614 3717 746 3772 secundos,
762 3713 831 3762 Huic
843 3715 936 3762 homini
976 3733 1099 3766 sumniam
1116 3720 1183 3767 inter
1200 3721 1292 3768 amicos
1308 3722 1389 3768 locum
1405 3721 1495 3768 tenum.

386 3795 498 3843 velleret
515 3793 622 3840 tradere.
656 3793 936 3851 presentationem
1012 3801 1071 3847 Non
1088 3801 1138 3848 tato
1154 3801 1251 3848 vicitur
1266 3801 1333 3857 illio,
1354 3802 1452 3858 Quoto
1462 3815 1528 3856 rere,

386 3873 514 3920 hominum
534 3885 667 3934 pauoomm
692 3880 716 3920 ct
740 3873 828 3920 mentis
853 3887 935 3925 sanae.
978 3880 1054 3927 oredo.
1088 3877 1128 3924 Ita
1150 3877 1277 3928 Bentleius
1299 3892 1332 3926 ex
1349 3877 1425 3928 MSS.
1443 3878 1528 3928 edidit:

386 3952 468 4015 Igitur
484 3951 763 4000 nemodexteriuwsus
775 3952 935 4008 esthrmnst,
977 3959 1003 4006 in
1014 3956 1067 4005 aliis
1080 3965 1132 4004 erat
1149 3959 1262 4005 sicinius.
1289 3957 1427 4005 Venustius
1445 3963 1528 4015 vocat;

386 4047 461 4095 quam
479 4038 518 4088 tu,
540 4031 582 4094 qui
603 4037 700 4079 tentum
722 4032 787 4094 apud
809 4046 866 4080 eum
889 4045 935 4077 va·
978 4036 1083 4083 dicerem
1100 4044 1124 4084 et
1140 4037 1287 4092 modestius,
1309 4036 1366 4099 quia
1382 4036 1528 4098 generalius.

385 4111 449 4168 leas,
470 4117 498 4158 ut
518 4111 611 4172 primas
633 4108 684 4158 fere
706 4118 788 4173 partes
804 4111 853 4158 iam
870 4123 937 4158 nune
979 4113 1101 4163 Generale
1123 4130 1146 4160 v.
1165 4130 1185 4163 c.
1203 4115 1228 4162 in
1245 4115 1283 4162 his
1301 4121 1440 4176 spectatur,
1457 4115 1529 4164 Ovid.

386 4206 452 4252 agas.
470 4191 606 4240 Reveraes
621 4192 748 4238 Fortunae
750 4190 835 4253 filias.
852 4189 937 4238 Trade
980 4190 1082 4238 Metam.
1095 4192 1117 4239 1.
1132 4192 1186 4239 144.
1218 4193 1321 4240 Vivitur
1332 4208 1363 4239 ex
1373 4200 1460 4254 rapto.
1487 4192 1529 4242 Se-

386 4269 446 4316 mihi
467 4270 598 4324 secundas,
620 4276 644 4316 et
666 4269 773 4325 videbis,
794 4283 869 4330 quum
891 4269 937 4316 cito
979 4282 1039 4316 noea
1064 4270 1142 4331 Epist.
1168 4270 1207 4318 91.
1251 4271 1326 4318 Nihil
1351 4271 1440 4318 horum
1465 4271 1529 4318 indi-

293 4367 296 4371 ·
387 4363 472 4396 omnes
489 4348 549 4396 alios
565 4347 726 4396 submoveris.
761 4348 880 4405 Tueris,
897 4362 938 4396 me
979 4350 1107 4410 quandum
1119 4355 1162 4397 est.
1181 4350 1216 4396 In
1228 4363 1283 4395 eum
1294 4349 1449 4396 intravimus
1460 4363 1530 4396 mun-

387 4428 511 4483 adiutore‚
533 4429 649 4489 primnsy
662 4442 708 4490 ego
730 4434 857 4476 contentus
879 4442 936 4484 ero,
980 4428 1052 4482 dum,
1070 4430 1098 4474 in
1115 4441 1162 4488 quo
1180 4429 1219 4503 lits
1236 4427 1329 4488 lapibus
1345 4427 1448 4474 vivitur.
