3542 5634
390 487 451 548 122
776 480 1122 548 SATIRARUM

433 679 549 743 Fertur
571 673 703 738 ethaeo
726 671 866 736 moriens
889 671 997 756 pueris
1021 670 1143 736 dixisse
1165 670 1287 735 vocatis

431 780 486 846 Ad
507 779 645 844 lectum:
671 775 873 860 „Postquam
897 779 930 839 te
952 773 1055 856 talos,
1079 773 1181 855 Aule,
1205 796 1367 859 nucesque

433 885 553 968 „Ferre
575 881 649 946 sinu
670 881 763 961 laxe,
789 880 907 946 donare
929 886 963 944 et
985 879 1095 946 ludere
1117 879 1204 961 vidi,

434 988 499 1071 „Te
506 1034 515 1069 ,
539 985 662 1067 Tiberi,
687 1005 873 1065 numerare,
898 983 985 1049 cavis
1009 983 1204 1049 abscondere
1226 981 1370 1062 tristem,

434 1089 624 1176 „Extimui,
648 1110 690 1152 ne
712 1110 769 1153 vos
793 1094 904 1172 ageret
925 1086 1058 1152 vesania
1073 1079 1240 1167 discors,'

434 1197 504 1279 „Tu
526 1196 786 1276 Nomentanum,
811 1198 849 1257 tu
871 1215 913 1258 ne
936 1213 1102 1277 sequerere
1125 1191 1283 1258 Cicutam.

434 1298 563 1382 „Quare
587 1296 759 1382 perdives
784 1302 893 1362 oratus
916 1303 1051 1381 uterque
1075 1296 1232 1376 Penates,

435 1403 505 1485 „Tu
527 1423 603 1468 cave
627 1423 668 1466 ne
689 1400 838 1484 minuas,
863 1405 900 1465 tu
924 1423 965 1465 ne
987 1399 1093 1465 maius
1117 1399 1217 1465 facias
1241 1399 1293 1480 id,

434 1504 552 1590 „Quod
575 1503 655 1569 satis
680 1525 749 1568 esse
772 1508 869 1588 putat
891 1508 984 1588 pater
1006 1507 1039 1567 et
1062 1507 1178 1567 natura
1201 1505 1355 1568 coercet

435 1610 627 1693 „Praeterea
649 1629 690 1672 ne
713 1629 770 1672 vos
794 1606 910 1672 titillet
931 1607 1054 1691 gloria,
1078 1606 1148 1670 iure

436 1712 600 1792 „Iurando
624 1711 827 1796 obstringam
850 1712 966 1776 ambo:
989 1716 1062 1776 uter
1084 1709 1199 1777 aedilis
1222 1709 1360 1773 fueritve

436 1814 613 1897 „Vestrum
634 1821 781 1901 praetor,
805 1816 833 1881 is
856 1816 1055 1881 intestabilis
1079 1822 1113 1881 et
1135 1836 1224 1880 sacer
1246 1819 1324 1880 este.

435 1919 499 2000 „In
521 1919 621 1984 eicere
644 1924 741 2005 atque
763 1920 839 1984 faba
861 1920 947 1984 bona
969 1925 1005 1984 tu
1029 1920 1207 2004 perdasque
1230 1917 1372 2002 lupinis,

436 2022 560 2104 „Latus
584 2029 622 2088 ut
644 2023 679 2088 in
703 2024 786 2089 circo
810 2024 950 2109 spatiere
972 2029 1006 2089 et
1028 2030 1146 2088 aeneus
1168 2027 1208 2088 ut
1230 2027 1315 2104 stes,

435 2126 574 2208 „Nudus
599 2127 704 2212 agris,
733 2128 840 2192 nudus
863 2127 1031 2209 nummis,
1054 2127 1187 2209 insane,
1210 2125 1375 2211 paternis?

437 2229 592 2311 „Scilicet
612 2236 651 2295 ut
673 2231 825 2315 plausus,
851 2233 932 2316 quos
953 2231 1017 2295 fert
1038 2230 1203 2315 Agrippa,
1227 2229 1311 2294 feras
1338 2235 1390 2310 tu,

437 2333 582 2415 „Astuta
603 2334 784 2418 ingenuum
807 2334 922 2418 vulpes
944 2333 1074 2398 imitata
1098 2335 1268 2398 leonem?“

437 2435 509 2516 „Ne
532 2436 603 2521 quis
623 2438 776 2502 humasse
799 2437 880 2502 velit
905 2437 1057 2519 Aiacem,
1077 2437 1212 2520 Atrida,
1235 2445 1326 2502 vetas
1348 2439 1446 2502 cur?“

373 2589 464 2638 ‘batur
479 2603 560 2638 senaa.
594 2588 694 2638 Servius
715 2590 773 2638 olim
788 2589 932 2650 interprete·
974 2605 1037 2636 aem.
1069 2587 1266 2637 Commentator:
1287 2587 1377 2648 „Quod
1401 2587 1440 2636 leo
1462 2587 1521 2635 viri-

391 2676 432 2717 tur
448 2669 546 2718 Horatii
562 2684 635 2718 carru
648 2671 765 2731 antiquo,
782 2683 832 2716 non
843 2669 934 2730 cogitat
975 2667 1033 2725 bus,
1044 2668 1091 2715 hoc
1101 2668 1187 2731 vulpes
1198 2675 1301 2716 conatur
1313 2668 1404 2716 astutia
1415 2667 1520 2716 facere.“

392 2749 423 2796 de
439 2751 505 2798 dices
521 2750 590 2810 αρτὶε
607 2755 631 2798 et
647 2750 715 2798 dives
731 2764 856 2810 oqrorm.
880 2749 934 2796 Du·
977 2747 1134 2796 Constructio
1155 2756 1238 2799 autem
1259 2749 1295 2796 sic
1318 2747 1464 2810 explicanda
1486 2748 1521 2794 vi-

392 2827 442 2876 bito
463 2842 495 2874 an
514 2828 601 2876 Burin.
622 2828 653 2874 ad
669 2828 768 2877 Patron
787 2827 819 2879 79
836 2828 882 2876 hoc
899 2828 935 2876 in-
976 2827 1060 2874 detur:
1078 2834 1106 2876 tu
1122 2828 1208 2890 vulpes
1219 2829 1321 2876 imitaris
1332 2827 1442 2883 leonem,
1453 2826 1521 2874 filius

391 2905 520 2955 tellaxerit.
978 2905 1077 2968 Oppidii
1093 2907 1196 2955 imitaris
1214 2906 1367 2969 Agrippam,
1391 2912 1419 2954 ut
1436 2912 1519 2955 astuto

425 2987 508 3034 Lotus
530 2990 560 3033 ut
580 2987 607 3034 in
626 2988 692 3035 circo
708 2988 824 3048 spatiere.
858 2987 936 3037 Hein-
977 2986 1051 3033 modo
1070 2986 1238 3049 consequaris,
1259 2973 1387 3049 quod'ille
1407 2999 1521 3032 consecu-

392 3065 442 3112 sius
453 3065 695 3116 coniiciebatlentar.
722 3065 936 3129 Bentleiusexpli-
978 3072 1018 3112 tus
1035 3073 1071 3114 est
1087 3066 1204 3128 ingenuo.
1237 3066 1307 3117 Ante
1328 3068 1415 3126 vulpes
1430 3063 1521 3112 omitti·

392 3153 432 3193 cat
448 3145 591 3208 vulgatum,
608 3152 734 3208 tamquam
747 3147 838 3194 dictum
850 3148 936 3195 eodem
978 3152 1021 3192 tur
1037 3150 1079 3203 ut,
1097 3151 1237 3207 tamquam,
1254 3144 1337 3207 ellipsi
1353 3143 1457 3192 Horatio
1474 3142 1521 3190 fre-

393 3240 466 3276 sensu
483 3231 507 3273 et
524 3225 575 3287 pari
591 3226 746 3288 metaphora,
763 3241 813 3288 qua
826 3228 937 3274 sublimis
978 3225 1150 3286 quentissima,
1176 3240 1200 3273 v⁴
1228 3238 1249 3271 c.
1273 3223 1353 3287 Epist.
1378 3226 1400 3272 Ι.
1426 3238 1455 3272 11.
1481 3224 1522 3272 26.

393 3307 518 3362 iraeadem,
536 3307 616 3363 cuim,
633 3313 657 3354 et
673 3305 729 3354 huic
745 3305 829 3354 similis
845 3307 937 3354 formu·
982 3305 1092 3351 Valeat
1111 3305 1182 3352 raab
1201 3305 1356 3361 immunda-⁹2
1381 3306 1419 3353 0⁶1
1439 3305 1523 3353 “mica

392 3384 444 3442 lae,
461 3384 540 3432 multa
556 3384 670 3448 exempla
686 3387 799 3448 apponit,
818 3388 866 3434 lati
882 3386 937 3433 nul·
979 3382 1033 3431 lato
1043 3397 1094 3430 aaa.
1112 3381 1161 3432 Sed
1172 3383 1199 3432 in
1209 3382 1253 3432 tali
1263 3383 1442 3446 oemparatione
1452 3397 1522 3445 prae-

393 3465 458 3523 lum,
484 3465 531 3514 nisi
555 3466 622 3528 quod
646 3465 764 3515 Senecam
785 3467 863 3528 Epist.
882 3467 937 3516 115.
978 3462 1049 3524 cipue
1076 3464 1214 3525 quaeritur,
1241 3464 1300 3526 quid
1327 3463 1394 3512 filiae
1423 3462 1523 3525 Oppidii

394 3545 503 3592 omnium
523 3546 641 3601 istorum,
663 3560 723 3606 quos
744 3547 854 3594 incedere
875 3549 939 3595 altos
979 3542 1069 3604 egerit,
1086 3542 1167 3605 vulpis
1177 3543 1259 3593 minor
1268 3544 1331 3592 ratio
1342 3543 1452 3593 habetur.
1468 3543 1522 3592 Mo·

394 3623 473 3680 vider,
491 3626 620 3690 bractacda
630 3623 747 3684 felicitas
763 3632 815 3671 eat:
832 3639 882 3672 non
899 3628 939 3673 ul·
979 3621 1028 3672 lius
1049 3628 1145 3683 putem:
1175 3628 1263 3673 muta
1282 3624 1415 3685 ingenuum
1436 3624 1524 3684 eulpa

395 3707 434 3750 tos
450 3701 492 3748 sed
510 3703 573 3749 latos
583 3700 706 3762 scripsisse
717 3701 859 3764 suspicetur.
882 3704 939 3766 Ego
980 3705 1080 3752 imitate
1103 3705 1201 3755 lenem.
1238 3703 1273 3752 Et
1294 3717 1364 3754 oesua
1385 3703 1523 3759 vocativus,

396 3780 489 3828 dudum
506 3793 538 3827 ex
554 3779 601 3826 isto
618 3778 724 3828 Senecae
740 3780 793 3828 loco
807 3780 938 3832 Horatium
980 3789 1005 3832 at
1021 3790 1145 3835 mutatum
1162 3797 1239 3845 genua
1250 3791 1307 3832 sunt
1318 3790 1463 3836 ornamenta
1474 3798 1523 3834 ser-

397 3873 449 3907 esse
462 3859 643 3907 emendandum
659 3860 756 3920 putavi:
775 3862 851 3908 Altae
866 3867 896 3908 ut
912 3863 940 3910 ia
980 3863 1060 3911 monis
1076 3864 1171 3926 poetici.
1205 3863 1296 3927 Virgil.
1318 3865 1384 3913 Aen.
1400 3863 1450 3915 IX.
1466 3863 1524 3911 485.

396 3942 462 3988 circo
478 3939 593 4002 spatiere.
626 3939 713 3986 Horat.
735 3937 817 3987 Carm.
835 3937 884 3988 IV.
900 3955 939 3997 1x,
981 3945 1042 3993 Heu
1058 3949 1129 3991 terra
1144 3944 1231 4004 abacta
1246 3945 1349 3993 candae
1360 3945 1525 4006 datepruda

396 4019 436 4066 44.
455 4020 551 4068 Reiecit
559 4020 613 4066 alto
621 4020 685 4068 duaa
693 4021 832 4068 ausentium
854 4023 939 4068 Vultu.
980 4023 1089 4073 Lattara.

397 4097 498 4146 Patron.
523 4099 546 4146 5.
589 4099 642 4146 Nea
667 4103 742 4147 curat
769 4099 822 4147 alto
845 4101 940 4162 rapiam
1015 4103 1055 4150 Ne
1081 4104 1136 4164 qaia
1168 4105 1282 4153 dammae
1313 4104 1374 4155 velit
1407 4101 1524 4159 Anam,

397 4184 493 4226 trucem
508 4179 589 4226 vultu.
615 4175 665 4237 Qut
676 4177 739 4225 altus
750 4178 879 4240 spatiatur,
890 4179 940 4227 alto
982 4183 1163 4239 Atridamor
1170 4184 1227 4232 aar?
1242 4183 1284 4233 Ex
1292 4182 1338 4233 hoc
1345 4198 1442 4248 quoque
1450 4198 1525 4237 versu

398 4257 468 4304 vultu
485 4256 573 4314 reiicit,
590 4263 650 4304 trux
668 4264 716 4314 est,
734 4257 844 4305 homines
861 4266 885 4307 et
902 4273 940 4307 rea
981 4270 1095 4325 apparet,
1117 4265 1201 4327 poetas
1218 4265 1276 4312 data
1291 4279 1366 4328 opera
1382 4279 1454 4328 saepe
1471 4265 1525 4314 bre·

398 4337 509 4399 despicit,
526 4343 577 4384 tam
594 4335 657 4384 bono
673 4350 749 4397 quam
766 4336 831 4385 malo
841 4351 924 4387 sensu.
983 4355 1039 4389 vem
1055 4342 1177 4404 syllabam
1193 4345 1350 4406 produxisse,
1367 4352 1395 4393 ut
1412 4345 1525 4395 varietati

431 4417 579 4465 Doderlinus
595 4417 703 4466 defendit
714 4419 783 4466 lutera
795 4433 839 4480 pro
850 4421 940 4469 elatae.
984 4429 1007 4468 et
1023 4437 1068 4483 per
1079 4437 1134 4470 eam
1144 4423 1251 4486 eleganti
1262 4425 1428 4487 negligentiae
1438 4437 1524 4472 cousu-

433 4499 527 4546 Aatuta
538 4500 672 4560 inpensam
684 4501 769 4561 vulpes
781 4501 882 4548 inritata
895 4502 941 4550 leo·
983 4500 1070 4549 latent.
1103 4503 1219 4552 Horatius
1237 4501 1276 4551 hic
1292 4517 1383 4552 morem
1396 4502 1525 4564 vulgatum
