3542 5634
662 533 707 593 Π.
754 547 879 594 scruta
903 549 953 594 111.
1310 537 1371 598 189

280 719 311 768 P.
331 719 385 768 112.
421 717 537 766 Gaudeat
554 718 650 765 babai.
684 714 763 778 Origo
779 715 915 778 proverbii,
933 723 960 763 ut
976 715 1127 773 multorum,
1150 716 1220 766 latet.
1252 719 1371 768 Potestne

230 797 350 862 explicari
367 812 399 846 ex
416 795 573 859 simplicitate
590 795 690 855 rustici,
705 796 749 858 qui
765 809 865 844 vaccam
882 798 966 844 cauda
983 795 1078 854 trahit,
1094 808 1171 858 quum
1186 798 1285 846 trahere
1301 813 1371 862 opor-

229 883 281 926 teat
297 875 433 926 emamus?
464 874 519 923 Nos
535 875 686 923 diceremus:
703 874 754 935 Qui
770 880 795 923 te
812 875 918 934 deridet,
934 875 987 938 ipse
1002 875 1054 923 risu
1071 875 1162 936 dignus
1179 883 1223 924 est.
1256 878 1324 926 Nam
1346 886 1372 928 et

229 957 271 1006 illc
287 957 392 1004 caudam
409 969 496 1003 vaccae
512 954 600 1002 trahit:
617 967 733 1016 perverse
749 960 774 1002 et
790 953 894 1001 ridicule
910 955 975 1016 agit,
991 968 1042 1002 uon
1059 961 1096 1002 cst
1111 954 1251 1017 sapientior.

279 1035 311 1084 P.
330 1035 384 1084 114.
420 1033 537 1096 Effaoiet
555 1039 639 1080 taorea
655 1034 715 1080 boec
730 1035 868 1082 sceleratas
884 1034 986 1081 vincula
1002 1035 1125 1082 Proteus.
1144 1033 1263 1081 Barthius
1275 1035 1306 1082 ad
1318 1035 1369 1084 Ru·

227 1115 278 1164 tilii
295 1115 356 1164 Iter.
374 1114 397 1163 I.
414 1114 454 1162 53.
472 1113 552 1160 varias
569 1112 760 1174 significationes
778 1112 893 1160 adiectivi
910 1115 1049 1161 sceleratas
1068 1113 1166 1174 attigit,
1186 1113 1227 1160 hic
1247 1127 1292 1175 pro
1316 1130 1369 1163 ser-

228 1201 301 1254 rato,
317 1196 445 1256 deceptore
461 1192 555 1254 accipit.
590 1194 746 1248 Sceleratus,
762 1193 892 1249 scelestas,
909 1193 1009 1249 nebulo,
1026 1207 1147 1254 aequam,
1164 1191 1223 1250 ulia,
1239 1207 1313 1255 saepe
1322 1195 1368 1241 mi·

229 1288 278 1322 nus
295 1271 450 1336 significant,
467 1285 542 1334 quam
559 1272 685 1320 videntur.
719 1269 872 1333 significatio
889 1271 978 1334 pendet
994 1286 1010 1318 a
1025 1271 1234 1333 pronuntiatione.
1268 1272 1289 1321 I.
1306 1272 1368 1322 Cae·

228 1368 271 1402 sar
287 1369 311 1401 v.
329 1367 350 1400 c.
367 1350 440 1399 aliter
455 1350 627 1413 pronuntiavit
643 1352 763 1400 scelerate
781 1349 876 1409 Casca,
902 1351 966 1412 qaid
983 1349 1077 1412 sacis?
1100 1365 1175 1413 quam
1200 1351 1368 1415 Damasippus

227 1435 367 1482 sceleratas
386 1433 497 1479 Proteus
512 1429 625 1491 eff'uptet.
659 1427 711 1477 Vel
728 1429 814 1477 vultus
831 1429 939 1478 ostendit
954 1427 1100 1488 discrimen,
1117 1429 1143 1476 iu
1160 1426 1267 1479 Caesare
1282 1430 1367 1488 iratus,

228 1514 256 1561 iu
272 1512 425 1574 Damasippo
441 1510 492 1558 fere
508 1509 633 1559 renidens.

278 1591 309 1640 P.
329 1591 383 1640 llb.
420 1589 529 1638 Heredes
547 1590 649 1637 Staberi
665 1604 788 1636 rammam
805 1589 913 1638 ioeldm
934 1591 1056 1652 sepulcro.
1089 1589 1222 1648 Horatius,
1243 1597 1316 1652 puto,
1340 1591 1367 1638 in

228 1685 257 1720 re
273 1672 373 1727 eadem,
390 1683 465 1732 quam
481 1682 515 1717 ex
531 1673 679 1716 testamento
695 1667 797 1731 repetit,
814 1683 874 1716 usus
892 1675 929 1717 est
945 1670 1031 1716 eodem
1053 1669 1135 1718 verbo.
1169 1668 1223 1718 Cur
1243 1669 1284 1717 hic
1306 1672 1365 1719 iaci·

228 1751 300 1808 dere,
316 1763 377 1797 mox
393 1749 548 1811 insculpere?
581 1747 698 1796 Varistae
715 1747 763 1795 ista
784 1747 859 1795 habet
884 1747 978 1810 aliquid
1004 1747 1118 1796 affectati.
1151 1749 1201 1796 Hic
1215 1749 1365 1811 praeferrem

227 1829 389 1890 imoalpsere.

278 1907 309 1955 P.
328 1905 382 1954 llb.
419 1905 508 1954 Omnis
529 1906 595 1953 enim
616 1919 671 1965 res,
695 1905 797 1962 Virtus,
813 1903 904 1967 samo,
924 1907 1011 1960 meas,
1028 1907 1117 1954 diuina
1137 1907 1294 1970 humanaque
1307 1911 1366 1970 pal·

227 1987 296 2036 ebrie
330 1984 437 2034 Divitiis
455 1989 553 2046 pareat.
586 1983 701 2031 Primum
718 1983 781 2031 mihi
804 1983 845 2034 hic
871 1997 922 2031 non
946 1981 1026 2046 placet
1050 1986 1130 2032 omna
1157 1999 1214 2045 res,
1239 1999 1285 2048 pro
1313 2004 1365 2040 am-

228 2067 288 2124 ala,·
305 2063 394 2112 deinde
411 2076 462 2110 nou
478 2061 557 2125 placet
572 2077 612 2110 res
627 2063 708 2111 omnis
723 2067 799 2124 paret
816 2062 922 2121 divitiis,
939 2063 1046 2125 denique
1063 2077 1114 2110 uon
1125 2063 1205 2125 placet
1215 2063 1297 2127 ipsum
1309 2069 1365 2116 sula

227 2143 365 2192 stantivum
381 2159 435 2202 res,
451 2143 510 2206 quia
525 2157 565 2192 res
581 2142 607 2190 iu
623 2142 668 2190 tali
685 2143 806 2190 sententia
822 2142 969 2206 plerumque
986 2142 1111 2205 siguificat
1127 2159 1180 2192 ram
1190 2144 1364 2207 familiarem,

227 2222 327 2270 divitias
344 2222 424 2285 ipsas,
439 2230 468 2270 nt
484 2221 520 2270 11.
538 2220 613 2271 Satir.
630 2221 693 2269 VII.
710 2221 750 2272 67.
769 2223 1022 2284 dominoqaesarsatt'
1048 2221 1197 2271 Committet
1208 2239 1365 2276 remeassem

228 2308 254 2351 et
269 2303 349 2350 citam
365 2307 390 2350 et
414 2317 470 2350 cam
495 2315 597 2363 corpore
615 2301 724 2362 saraam.
758 2299 795 2348 11.
822 2299 898 2349 Satir.
923 2300 957 2348 V.
983 2300 1005 2351 7.
1040 2301 1080 2348 Et
1095 2315 1173 2362 peaes
1188 2303 1366 2354 etairtusm'si

228 2394 286 2429 cam
302 2394 330 2427 re
345 2381 419 2428 altior
435 2380 493 2440 alpo
509 2384 553 2428 est.
586 2378 701 2426 Fortasse
717 2378 836 2426 Horatius
854 2378 963 2455 scripsit:
992 2379 1086 2426 Omnia
1107 2380 1187 2438 enim,
1211 2395 1280 2442 spes,
1308 2385 1363 2432 Vir·

229 2465 284 2516 tus,
296 2458 385 2520 saraa,
401 2459 490 2515 decus,
508 2459 595 2505 dioiaa
612 2459 772 2520 bremaaaqae
785 2459 902 2520 pulchris
914 2459 1024 2505 Divitiis
1033 2463 1135 2519 parcat.
1161 2458 1281 2508 Horatius
1292 2468 1365 2511 extra

228 2543 337 2585 metrum
353 2534 467 2584 dixisset:
485 2549 554 2598 spes,
571 2534 665 2593 virtus,
682 2535 761 2594 fama,
778 2537 864 2594 decus,
890 2535 976 2583 omnia
1000 2534 1085 2582 diviua
1105 2541 1131 2582 et
1146 2535 1255 2585 humana
1272 2539 1365 2590 divitiis

228 2621 325 2680 parent.
357 2615 444 2665 cicero
460 2630 505 2678 pro
521 2616 593 2664 Rosa
610 2615 698 2664 Amor.
716 2617 756 2664 23.
792 2615 857 2663 Cam
874 2616 960 2664 omnia
975 2616 1064 2663 divim
1082 2621 1159 2677 otqac
1175 2617 1287 2666 bumana
1304 2621 1364 2669 lara

228 2696 435 2766 scelereaesorio
453 2697 591 2758 polluisset.
608 2711 632 2744 v.
651 2694 720 2745 Cort.
738 2696 770 2742 ad
787 2694 891 2745 Sallust.
907 2693 1008 2744 Catilin.
1026 2693 1074 2742 XI.
1085 2695 1109 2746 7.
1137 2695 1201 2757 Spes
1211 2710 1262 2744 nou
1272 2697 1365 2748 frustra

228 2776 335 2824 additur.
369 2773 477 2834 Omnia,
494 2774 582 2838 quibus
598 2775 649 2823 iam
665 2775 774 2834 fruitur,
798 2781 902 2838 atquae
918 2779 1001 2837 sprerat
1016 2773 1136 2837 amplius,
1160 2789 1176 2822 a
1192 2774 1284 2824 divitiis
1301 2793 1361 2841 pen-

228 2856 295 2904 dent.
327 2855 409 2903 Nemo
426 2867 496 2916 spem
513 2855 575 2902 adeo
591 2855 729 2916 improbam
746 2854 864 2916 concipit,
880 2854 943 2916 quin
958 2853 1060 2902 divitiae
1076 2853 1175 2916 explere
1191 2855 1293 2916 possint.

276 2935 308 2982 P.
327 2936 381 2983 115.
417 2934 536 2994 Speraait
553 2948 657 2992 maenae
674 2935 747 2980 laudi
756 2932 823 2993 sore.
856 2933 938 2979 Acro:
956 2933 1098 2993 „putarit.“
1130 2934 1198 2981 Nota
1208 2934 1362 2995 significatio.

227 3014 342 3063 Verbum
359 3012 512 3061 reddendum
529 3019 590 3072 puto
605 3011 681 3058 Livio
697 3009 829 3058 XXXIII.
846 3011 886 3057 te.
921 3012 1069 3068 Hannibal,
1089 3027 1165 3072 qaam
1185 3016 1298 3073 mimam
1307 3018 1363 3077 fal-

228 3097 297 3143 lendi
313 3107 364 3148 eos,
386 3092 429 3152 qai
446 3092 475 3137 la
489 3094 568 3150 porta
583 3095 670 3146 aaut,
688 3095 786 3150 tempas
808 3089 909 3146 babuit,
933 3103 1021 3136 aecem
1044 3091 1125 3137 soluit.
1161 3089 1263 3139 Caetert'
1285 3097 1364 3155 sopiti

225 3187 305 3236 qaam
319 3175 420 3231 postero
436 3169 477 3216 dic
493 3170 594 3217 tandem
610 3184 641 3217 es
657 3183 739 3217 romae
752 3169 824 3230 pleat
840 3169 961 3230 crapulae
975 3170 1158 3225 surrexissent,
1183 3170 1212 3216 ld
1235 3175 1302 3234 qaod
1326 3188 1362 3221 se-

227 3267 287 3299 ram
303 3253 375 3305 erat,
401 3249 498 3310 aliquot
520 3249 595 3297 boras
615 3250 692 3297 rerais
714 3249 742 3296 s'n
762 3262 837 3295 aaaes
857 3247 1007 3296 collocandis
1022 3252 1048 3295 et
1063 3249 1184 3307 aptandis
1200 3254 1363 3300 ornamentis

228 3331 412 3379 absumerent.
446 3326 498 3375 Pro
514 3333 629 3390 corrupto
645 3329 675 3376 ld
689 3328 756 3390 quad
770 3341 855 3375 seram
871 3331 929 3374 erut
940 3324 1081 3373 Gronovius
1092 3325 1279 3390 legebatrqaod
1288 3343 1361 3391 qaae

227 3412 306 3460 sitam
322 3413 389 3456 erat.
422 3406 506 3469 Lego:
523 3409 552 3456 to
566 3410 632 3470 qaod
647 3410 805 3468 speraverat,
823 3406 848 3453 id
865 3406 932 3469 quod
949 3404 1062 3452 futurum
1079 3419 1131 3455 asse
1147 3413 1285 3467 putaverat.

277 3488 309 3537 P.
330 3487 384 3536 116.
421 3487 492 3545 oasa
506 3486 612 3536 simile?
645 3485 717 3534 Talia
733 3492 791 3533 sunt
807 3485 875 3533 Livii
893 3483 1024 3532 XXXIV.
1042 3483 1082 3532 58.
1100 3483 1216 3534 XXXV.
1231 3485 1268 3532 16.
1284 3485 1360 3537 XXI.

227 3569 267 3616 45.
304 3567 374 3625 Quia
388 3571 436 3623 est,
453 3580 500 3613 car
515 3565 555 3612 illi
570 3566 638 3614 vobis
654 3565 819 3626 comparandi
834 3561 908 3611 alat?

249 3645 252 3652 ’
276 3646 308 3694 Ρ.
327 3643 381 3693 119.
419 3645 495 3693 Hunc
511 3644 621 3692 raedicus
637 3645 747 3691 ocultam
762 3643 827 3690 celer
844 3639 1013 3711 otqaefidelis
1037 3641 1155 3690 Excitat.
1188 3639 1360 3694 Conieceram:

227 3727 317 3773 medici
333 3724 460 3786 labentum
477 3724 553 3771 celere
569 3737 661 3784 arsque
670 3721 766 3784 fidelis.
800 3720 869 3769 Acro
886 3720 936 3767 iam
952 3726 1128 3768 annotaverat:
1152 3720 1309 3786 „Utrumque
1323 3723 1361 3772 illi

227 3805 359 3862 concessit,
375 3803 441 3866 quod
458 3808 495 3850 est
510 3802 604 3850 medico
619 3801 798 3858 necessarium,
824 3800 952 3849 scientiam
976 3814 1033 3849 cum
1050 3800 1181 3862 diligentia
1196 3802 1361 3864 copulatam.“

226 3882 260 3931 In
277 3882 380 3944 vulgato
396 3896 447 3930 nou
463 3888 615 3930 memoratur
631 3882 751 3939 scando,
766 3887 919 3929 memoratur
935 3885 1033 3927 tantum
1050 3882 1196 3943 diltpents'a,
1212 3895 1275 3944 quae
1286 3882 1361 3931 estin

225 3963 297 4011 celer.
333 3962 429 4010 Fidelis
445 3961 536 4008 indicat
551 3961 625 4008 modo
641 3973 710 4016 eum,
727 3960 771 4022 qui
786 3959 868 4007 officio
885 3958 958 4019 fungi
973 3960 1062 4007 studet.
1080 3975 1104 4006 v.
1121 3961 1243 4008 Amtsen.
1254 3960 1361 4008 adDist.

226 4039 328 4090 Catonis
344 4040 381 4088 11.
398 4040 439 4088 22.
475 4040 594 4101 Corporis
608 4040 737 4087 auxilium
753 4040 845 4087 medico
869 4038 996 4086 cmnnsltte
1011 4038 1095 4099 fideli.
1129 4038 1204 4086 Fides
1229 4039 1360 4086 scientiam

226 4119 364 4168 necessario
380 4133 462 4166 secum
479 4132 528 4165 non
546 4117 600 4165 fert.
634 4115 747 4165 Venerat
767 4117 829 4164 mihi
850 4129 948 4178 quoquc
969 4115 996 4161 iu
1012 4120 1134 4163 mentem:
1151 4117 1262 4164 arcelaus
1278 4117 1361 4164 malta

225 4199 291 4246 celer
307 4203 363 4246 arte
372 4197 467 4261 fidelis.

274 4277 306 4325 P.
325 4277 379 4326 120.
414 4279 537 4325 Accedere
550 4277 637 4338 plores
670 4277 714 4324 Ab
734 4276 925 4324 numerandam.
959 4272 991 4320 In
1016 4271 1060 4319 tali
1086 4271 1206 4333 gerundio
1231 4280 1360 4335 corruptus

226 4363 264 4404 est
280 4356 368 4404 Livius
385 4356 472 4405 XLII.
489 4357 529 4405 56.
565 4357 696 4404 Praedam
712 4357 811 4417 quiam
825 4359 1008 4415 praeterquam
1019 4353 1159 4408 bominum,
1173 4366 1265 4412 pecora
1275 4359 1360 4402 uatem

226 4436 335 4483 mamare
350 4437 430 4484 omna
445 4436 541 4497 emeris
551 4436 641 4497 suere,
659 4435 747 4482 alceir
763 4436 798 4482 ad
813 4433 966 4494 epulandam
983 4431 1114 4478 ηιίὶίέίὸω.
1147 4429 1195 4476 Est
1215 4429 1241 4477 iu
1263 4444 1292 4478 eo
1313 4431 1359 4479 ali*

225 4515 285 4577 quid
302 4514 407 4563 ridiculi.
443 4514 582 4563 Gronovius
599 4512 703 4561 sensisse
720 4513 830 4570 videtur,
848 4512 946 4572 legens:
964 4511 1073 4573 praedae
1088 4510 1154 4570 qaod
1170 4516 1233 4557 erat.
1267 4510 1359 4560 Trans·
1390 4555 1399 4571 ,
