3542 5634
674 521 856 586 LIBER
902 520 927 586 Ι.

276 715 414 800 Optaret
438 712 502 778 sibi
521 712 676 797 quisque,
697 713 779 778 meis
800 719 974 778 contentus
996 713 1151 778 honestos

275 816 434 882 Fascibus
458 822 492 882 et
516 815 606 881 sellis
630 815 755 880 nollem
776 815 860 879 mihi
881 837 1028 894 sumere3
1047 816 1180 880 demens

275 920 401 985 Iudicio
424 919 538 1004 vulgi,
559 941 659 985 sanus
680 919 819 984 fortasse
842 924 917 1001 tuo,
938 919 1025 1005 quod

274 1023 407 1088 Nollem
431 1044 532 1105 onus,
558 1023 646 1087 haud
666 1043 824 1106 umquam
850 1021 987 1105 solitus,
1006 1028 1136 1106 portare
1158 1020 1343 1086 molestum.

273 1126 361 1190 Nam
382 1125 464 1189 mihi
487 1125 642 1190 continuo
669 1124 774 1189 maior
794 1125 978 1210 quaerenda
1000 1124 1084 1189 foret
1103 1146 1169 1206 res,

274 1228 384 1312 Atque
406 1227 573 1292 salutandi
592 1227 723 1312 plures,
751 1226 918 1292 ducendus
945 1231 978 1292 et
998 1248 1083 1291 unus

274 1331 321 1394 Et
343 1351 450 1395 comes
472 1329 574 1413 alter,
596 1329 646 1395 uti
668 1351 708 1395 ne
730 1330 819 1395 solus
842 1352 939 1396 rusve
959 1352 1131 1416 peregreve

274 1433 428 1514 Exirem,
453 1432 563 1518 plures
585 1431 715 1496 calones
737 1437 835 1517 atque
852 1432 972 1498 caballi

275 1534 455 1616 Pascendi,
477 1533 628 1598 ducenda
645 1534 811 1619 petorrita.
859 1535 957 1599 Nunc
980 1535 1062 1600 mihi
1078 1540 1170 1600 curto

274 1639 326 1702 Ire
348 1637 426 1701 licet
448 1635 539 1700 mulo
560 1636 614 1701 vel
637 1636 666 1701 si
686 1637 769 1702 libet
787 1659 892 1723 usque
914 1638 1106 1719 Tarentum,

274 1739 420 1804 Mantica
442 1739 496 1804 oui
519 1739 649 1804 lumbos
673 1761 770 1805 onere
792 1740 916 1806 ulceret
937 1746 1036 1826 atque
1059 1760 1156 1825 eques
1181 1759 1297 1802 armos.

274 1842 416 1908 Obiiciet
438 1864 534 1907 nemo
558 1843 667 1908 sordes
691 1835 792 1926 mihi,

817 1843 1002 1929 quastibi,
1027 1843 1119 1926 Τ1111,

274 1944 383 2024 Quum
406 1946 538 2011 Tiburte
560 1945 615 2011 via
637 1952 820 2032 praetorem
844 1947 988 2032 quinque
1013 1952 1194 2032 sequuntur

273 2048 315 2113 Te
337 2048 447 2133 pueri,
468 2049 621 2114 lasanum
642 2053 811 2134 portantes
836 2049 1129 2134 oenophorumque.

272 2151 344 2215 Hoc
368 2173 428 2236 ego
452 2151 656 2217 commodius
681 2173 780 2237 quam
803 2156 841 2216 tu
863 2151 1027 2237 praeclare
1051 2156 1198 2233 senator,
1252 2147 1255 2152 ’
1323 2197 1331 2208 .

273 2253 422 2320 Millibus
445 2260 544 2340 atque
566 2253 641 2320 aliis
665 2254 748 2320 vivo.
798 2253 999 2340 Quocunque
1021 2254 1125 2319 libido
1148 2261 1215 2336 est,

227 2401 350 2462 quomodo
379 2415 412 2449 ex
442 2400 546 2464 vulgata
576 2400 681 2449 lectione
710 2399 775 2449 affici

226 2485 314 2540 queat,
330 2493 380 2526 non
396 2480 525 2542 perspicio.
558 2479 675 2528 Fortasse
694 2478 775 2536 Acro,

225 2557 400 2622 interpretans:
420 2566 459 2616 „et
476 2559 545 2606 lieret
562 2557 600 2606 illi
612 2564 719 2620 potestas
732 2557 774 2606 eli-

226 2638 302 2698 gendi
326 2654 343 2685 α
361 2638 434 2698 fotis
458 2652 519 2700 quos
544 2635 619 2683 vellet
643 2639 774 2699 1111111111α

225 2717 296 2764 aliud
317 2716 379 2763 vidit
400 2730 476 2778 quam
497 2718 531 2763 ad
541 2714 652 2779 fastam.
687 2713 773 2764 Caete-

224 2811 282 2844 rum
308 2809 423 2858 oomparo
438 2796 543 2847 Lucian.
577 2795 678 2844 Patriae
693 2796 773 2843 Enco-

225 2875 305 2923 mium
321 2877 345 2924 2.
372 2873 438 2922 ὃπου
455 2872 475 2922 δ’
487 2873 584 2936 αἵρεσίς
594 2874 649 2921 ἐστι
661 2874 773 2935 πόλεων,

225 2954 307 3012 οὐδεὶς
332 2953 366 3000 ἂν
392 2950 475 3000 ’ἕλοιτο
500 2954 549 3009 τὴν
574 2950 772 3015 λαμπροτέραν,

225 3032 305 3090 ἐάσας
322 3034 371 3090 τήν
389 3028 515 3092 πατρίδα,
536 3026 593 3076 ἀλλ’
611 3029 709 3082 εὔξαιτο
727 3030 774 3092 μὲν

225 3112 260 3161 ἂν
281 3113 345 3159 εἶναι
367 3108 408 3155 sal
426 3110 475 3165 τὴν
491 3105 601 3168 πατρίδα
619 3109 676 3161 ταῖς
693 3105 773 3154 εὐδαί-

223 3207 285 3254 μοσι
307 3185 507 3250 παραπλησίαν,
529 3182 613 3232 tiviro
635 3181 657 3233 δ’
674 3183 708 3232 ἂν
725 3184 773 3242 τὴν

224 3267 378 3317 ὁποιανοῦν,
405 3265 433 3312 τὸ
459 3262 480 3312 δ’
502 3263 565 3312 αὐτὸ
587 3264 664 3313 τοῦτο
686 3264 727 3311 καὶ
749 3263 773 3313 ol

225 3346 317 3395 δίκαιοι
333 3347 385 3392 τῶν
402 3340 503 3390 παίδων
520 3340 672 3405 πράττουσι,
689 3342 732 3390 καὶ
749 3341 772 3390 ol

224 3425 330 3489 χρηστοὶ
352 3427 405 3471 τῶν
423 3420 550 3486 πατέρων.
573 3422 696 3485 οὔτεγὰρ
715 3419 773 3479 νέος

225 3504 304 3560 καλὸς
325 3503 438 3568 appatio
459 3502 543 3549 ἄλλον
564 3501 598 3550 ἂν
619 3499 773 3564 προτιμήσαι

226 3585 272 3631 τοῦ
290 3583 395 3647 πατρός.

267 3662 335 3709 Meis
359 3666 496 3710 contentus.
540 3658 672 3716 Horatius,
697 3666 773 3721 puto,

225 3739 335 3802 scripsit:
361 3754 413 3788 meo
435 3745 572 3789 contentus.
607 3738 698 3786 Matris
720 3738 772 3801 qui-

225 3818 282 3865 dem
308 3819 348 3866 hio
371 3818 441 3866 nulla
464 3819 528 3866 ratio
552 3817 672 3874 habetur,
693 3831 773 3880 neque

225 3896 343 3944 Horatius
360 3912 414 3946 cam
432 3912 538 3960 usquam
551 3897 698 3946 nominavit.
720 3898 772 3949 No·

817 2402 900 2449 haim.
933 2401 1010 2450 Recte
1034 2416 1086 2450 meo
1111 2407 1252 2456 contentus,
1273 2400 1365 2449 nollem

816 2492 915 2527 sumere
932 2481 1051 2530 honestos.

852 2559 927 2616 Quod
953 2561 1042 2607 nollem
1063 2574 1138 2615 onus,
1160 2560 1230 2606 haud
1255 2574 1366 2621 unquam

815 2639 905 2685 solitus
924 2644 1030 2700 portare
1050 2640 1188 2688 molestum.
1223 2637 1277 2687 Alii
1293 2636 1366 2686 aliter

815 2715 980 2779 distinguunt.
1005 2715 1098 2764 Verius
1115 2723 1186 2780 puto:
1208 2718 1283 2776 Quod
1305 2719 1365 2766 Nol·

816 2796 877 2843 lem:
901 2810 964 2844 1111
986 2797 1056 2844 houd
1077 2811 1189 2858 scrsqcam
1205 2797 1365 2857 1111111111-

816 2877 872 2922 tare
903 2875 1040 2922 nrolestum.
1083 2874 1156 2935 Quod
1184 2877 1274 2924 nollem
1303 2876 1365 2924 mihi

814 2965 913 2999 sumere
929 2959 1057 3015 parentem
1074 2954 1106 3000 ad
1132 2952 1237 3011 fastum,
1262 2960 1291 3001 ut
1315 2953 1365 3002 alii.

817 3030 921 3078 Sumere
945 3031 1106 3092 repetendum
1132 3046 1164 3079 ax
1189 3046 1225 3080 vs.
1251 3033 1291 3083 97.
1325 3033 1366 3081 Ita

816 3107 898 3157 Satira
908 3109 931 3158 1.
944 3123 961 3156 1.
977 3111 1014 3160 19.
1038 3113 1176 3160 Discedite.
1197 3114 1295 3161 Noliat.
1313 3113 1365 3163 Cur

815 3188 934 3237 Horatius
955 3189 996 3236 iric
1018 3190 1107 3247 nollet,
1129 3189 1237 3251 primum
1259 3189 1366 3252 explieat

814 3269 945 3327 universe,
961 3267 1049 3316 deinde
1066 3267 1218 3329 singulatim.

850 3347 951 3397 Catulli
978 3348 1110 3409 pascendi,
1142 3349 1255 3396 discenda
1283 3354 1365 3410 petor·

812 3430 875 3475 rito.
909 3425 1062 3488 Doeringius
1079 3426 1219 3474 annotavit:
1237 3429 1365 3485 ‚accende

814 3520 847 3554 sc.
863 3519 976 3564 mecum,
1000 3512 1030 3552 ut
1046 3503 1129 3568 paullo
1146 3509 1215 3552 ante:
1241 3507 1366 3552 1111111111

813 3591 838 3635 et
854 3600 922 3632 aaut
935 3585 974 3633 at
985 3598 1062 3634 comes
1073 3585 1147 3632 alter.
1164 3583 1196 3631 In
1207 3583 1264 3632 edit.
1286 3583 1364 3631 Hein-

814 3662 926 3711 dorfiana
941 3663 1033 3726 legitur
1050 3664 1170 3719 ducenta,
1185 3676 1324 3724 operarum,
1337 3671 1365 3712 ut

814 3743 926 3802 videtur,
944 3745 1051 3791 errore.“
1075 3741 1123 3788 Est
1139 3741 1227 3804 procul
1244 3735 1317 3792 dubio
1329 3757 1365 3792 er·

813 3836 856 3871 ror
880 3823 1073 3886 typothetarum.
1112 3821 1179 3868 Nam
1204 3821 1364 3871 Heindorfius
1389 3881 1391 3886 Ι

813 3901 979 3950 coniecturam
1000 3899 1088 3948 tacitus
1105 3898 1131 3946 111
1148 3905 1250 3962 textum
1261 3914 1311 3947 non
1327 3913 1364 3948 re·

225 3976 355 4034 minasset,
381 3977 402 4024 si
427 3983 452 4024 ct
476 3975 513 4024 illi
537 3975 645 4024 multum
665 3975 771 4025 deberet.
812 3981 912 4043 ciperet,
929 3979 1032 4027 minime
1048 3977 1131 4035 111111,
1147 3992 1210 4040 quae
1227 3985 1251 4026 et
1268 3985 1364 4026 senten·

224 4056 303 4105 Recte
323 4055 349 4102 in
370 4055 423 4104 aliis
444 4060 563 4117 parentes
568 4073 577 4113 ,·
594 4069 654 4104 nam
671 4056 773 4117 quisque
812 4060 862 4108 tiae
885 4065 910 4107 et
934 4064 1013 4106 metro
1037 4057 1151 4104 obstaret.
1190 4057 1266 4105 Recte
1288 4041 1364 4120 igitur

223 4141 283 4184 sunt
301 4132 395 4197 plures.
429 4135 549 4183 Horatius
574 4148 652 4182 unum
676 4140 772 4197 potarat
813 4138 839 4185 in
856 4137 911 4185 aliis
928 4134 1074 4184 editionibus
1091 4140 1226 4181 correctum
1243 4135 1363 4183 ducenda.

224 4221 324 4279 optare,
346 4213 394 4262 hoc
413 4219 462 4271 est,
478 4212 568 4275 legere.
606 4214 773 4276 Quaecunque
815 4215 939 4264 Ducenda
956 4212 1059 4260 fortasse
1071 4209 1191 4274 explicari
1202 4219 1310 4276 poterat.
1326 4229 1363 4264 re·

224 4294 267 4343 alii
287 4295 318 4341 ad
340 4293 433 4341 fastum
454 4291 580 4354 legerent,
605 4307 652 4355 ego
668 4294 772 4341 eandm
812 4295 906 4356 prada,
925 4292 1028 4354 avendo.
1053 4289 1137 4350 Magis
1156 4288 1297 4352 probarem:
1311 4293 1363 4339 Po-

224 4373 347 4436 legercm,
364 4387 416 4422 meo
432 4385 511 4420 assem
528 4377 666 4420 contentus.
684 4371 771 4420 Melie
813 4373 910 4429 scendi,
924 4376 949 4419 et
966 4371 1079 4418 habenda
1091 4371 1224 4430 petorrita.
1248 4368 1363 4427 librarii,

225 4466 278 4501 rem
309 4451 392 4514 legere
425 4464 475 4498 non
503 4449 644 4513 potuissem.
690 4449 773 4513 Supra
814 4457 894 4500 metro
910 4449 1036 4506 timentes,
1054 4453 1163 4496 mutasse
1179 4447 1303 4496 videntur.

224 4531 300 4580 dixit:
324 4533 372 4579 Nil
388 4546 426 4578 me
441 4530 568 4591 poeniteat
583 4542 672 4576 sanam
688 4532 773 4592 patria
848 4531 968 4578 Millibus
990 4533 1066 4591 atque
1086 4527 1146 4575 alit's
1166 4529 1228 4578 viro.
1262 4528 1362 4578 Lumbi·
