3542 5634
800 500 1149 567 SATIRARUM

452 692 527 757 Non
550 688 661 753 minus
685 686 811 752 insanit
834 706 933 770 quam
957 684 1014 769 qui
1036 683 1234 749 moechatur.
1282 685 1330 749 At
1349 685 1406 758 hic
1429 685 1479 767 si,

454 794 525 875 Qua
547 816 615 877 res,
640 814 704 879 qua
727 792 810 857 ratio
834 790 1003 871 suaderet,
1028 811 1155 874 quaque
1177 790 1325 856 modeste

453 896 610 962 Munifico
633 918 704 962 esse
727 895 821 977 licet,
845 893 947 959 vellet
969 892 1075 957 bonus
1099 897 1198 978 atque
1220 893 1384 979 benignus

454 1000 551 1083 Esse,
576 1000 668 1065 daret
691 1003 852 1085 quantum
876 996 958 1062 satis
982 1001 1087 1078 esset,
1111 1018 1171 1061 nec
1195 996 1258 1061 sibi
1281 997 1403 1062 damno

452 1103 673 1189 Dedecorique
694 1102 786 1167 foret
834 1101 958 1165 Verum
981 1099 1043 1164 hoc
1067 1121 1102 1164 se
1124 1099 1336 1185 amplectitur
1359 1122 1440 1182 uno,

453 1207 526 1273 Hoc
549 1212 640 1273 amat
662 1212 696 1273 et
718 1206 850 1272 laudat:
877 1204 1086 1288 „Matronam
1110 1204 1239 1269 nullam
1262 1226 1323 1290 ego
1346 1207 1490 1289 tango“:

452 1310 502 1377 Ut
525 1312 690 1397 quondam
714 1312 901 1391 Marsaeus,
926 1314 1055 1373 amator
1078 1307 1243 1392 Originis,
1267 1309 1340 1391 ille,

455 1412 520 1493 Qui
542 1413 687 1499 patrium
710 1412 831 1477 mimae
854 1411 957 1476 donat
978 1410 1184 1495 fundumque
1206 1410 1392 1496 laremque,

454 1513 535 1597 „Nil
558 1515 658 1581 fuerit
675 1517 763 1598 mi,“
783 1513 908 1600 iuquit,
930 1535 1029 1596 „cum
1044 1513 1201 1578 uxoribus
1215 1535 1374 1599 umquam
1395 1513 1547 1579 alienis.“

453 1616 577 1682 Verum
600 1624 651 1683 est
673 1640 748 1684 oum
771 1617 905 1699 mimis,
933 1622 984 1682 est
1006 1638 1083 1682 curn
1106 1615 1349 1699 meretricibus,
1373 1616 1460 1682 unde

454 1718 559 1783 Fama
581 1721 707 1786 malum
730 1722 863 1807 gravius
887 1742 987 1806 quam
1009 1742 1060 1785 res
1084 1720 1195 1786 trahit
1228 1721 1283 1786 An
1307 1720 1369 1786 tibi
1392 1722 1523 1787 abunde

455 1824 634 1891 Personam
657 1824 738 1890 satis
766 1830 925 1907 est,.non
948 1823 1050 1906 illud,
1073 1822 1233 1909 quidquid
1253 1823 1375 1910 ubique

456 1925 588 2012 Offioit,
612 1928 755 1993 evitare?
800 1928 928 1993 Bonam
952 1927 1124 2012 deperdere
1148 1926 1291 2010 famam,

455 2028 538 2094 Rem
558 2029 661 2116 patris
682 2030 856 2114 oblimare,
877 2030 1004 2095 malum
1025 2035 1075 2095 est
1095 2030 1289 2115 ubicunque.
1339 2030 1425 2111 Quid
1444 2032 1549 2098 inter-

457 2131 520 2198 Est
542 2133 578 2199 in
601 2139 766 2218 matrona,
791 2135 912 2200 ancilla
937 2157 1092 2220 peccesne
1116 2136 1252 2220 togata?

455 2235 578 2304 Villius
599 2238 635 2303 in
661 2238 787 2304 Fausta
808 2238 919 2305 Sullae
937 2260 1052 2324 gener,
1076 2239 1138 2303 hoc
1159 2238 1261 2303 miser
1281 2259 1348 2303 uuo

410 2362 490 2413 Galba
505 2365 608 2415 laudant
624 2372 762 2424 matronas,
782 2365 915 2417 Sallustius
932 2366 959 2414 li·
1038 2368 1131 2415 Villius
1142 2367 1170 2415 ἔνι
1189 2368 1287 2414 Fausta
1304 2367 1481 2429 Sullasqsner.
1503 2368 1556 2417 Vir

410 2442 532 2502 bertinas,
553 2444 683 2493 Marsaeus
700 2445 789 2493 mimas
807 2451 831 2493 st
847 2445 959 2493 meretri·
1000 2446 1087 2493 domus
1102 2445 1130 2493 in
1146 2444 1250 2495 Observ.
1267 2444 1405 2494 Miscellan.
1422 2446 1459 2496 II.
1470 2464 1494 2510 p.
1507 2448 1550 2497 88.

410 2535 457 2571 ces.
490 2523 542 2571 Pro
565 2524 680 2586 laques
700 2522 781 2573 Bentl.
804 2538 836 2572 ex
857 2522 914 2572 MS.
931 2525 959 2571 in
1000 2523 1055 2571 vult
1070 2539 1169 2587 yeme,
1191 2531 1220 2572 nt
1239 2524 1334 2571 Fausta
1353 2523 1449 2572 dicatur
1471 2541 1552 2587 genus

410 2616 473 2663 qua,
493 2615 582 2664 nempe
603 2603 686 2651 elusae.
720 2602 839 2651 Heinsius
861 2601 960 2650 coniicit
1001 2602 1093 2652 Sullae.
1125 2603 1279 2652 Meinekius:
1302 2603 1376 2661 „Non
1400 2603 1554 2654 intellexisse

410 2681 438 2728 lu
458 2680 523 2742 qula.
558 2681 663 2729 Insanit
686 2682 715 2729 lu
739 2696 814 2743 quus,
836 2681 959 2729 Latinum
1000 2680 1211 2731 videnturCritici
1221 2681 1282 2730 illud
1291 2684 1319 2730 ln
1331 2684 1431 2731 Fausta
1441 2698 1553 2747 exprae-

411 2762 455 2806 est.
490 2756 584 2807 Seneca
605 2758 684 2821 Epist.
707 2759 747 2807 94.
782 2760 876 2821 ltaque
898 2759 959 2807 irri-
999 2762 1100 2810 cedente
1111 2763 1269 2825 versu,un
1276 2763 1382 2810 interest
1390 2764 1418 2810 in
1426 2768 1553 2823 matrona

412 2840 554 2885 tomentum
571 2842 610 2886 est
627 2838 749 2898 omnium,
770 2839 799 2886 ia
814 2853 878 2901 quas
893 2839 960 2886 insa·
988 2842 1096 2890 ⁸ancills
1102 2855 1218 2902 peccesne
1226 2845 1481 2904 loquimsuspensum
1490 2854 1552 2891 asse.

411 2916 509 2973 nimus,
533 2916 677 2964 admirator
694 2920 720 2964 et
736 2917 855 2967 conscius.
889 2916 959 2964 Insa·
1000 2919 1067 2969 Hinc
1091 2933 1241 2983 consequeus
1267 2924 1306 2967 est
1331 2919 1465 2969 Horatium
1491 2920 1553 2968 scri-

412 2990 468 3040 uire
493 2993 522 3040 iu
543 2993 678 3043 libertinas
699 3007 749 3042 non
770 2992 851 3043 differt
870 2994 903 3041 ab
919 3010 961 3043 ur·
1000 2999 1089 3063 psisse:
1127 3000 1221 3048 Villius
1242 3000 1271 3047 ln
1293 3000 1390 3048 Fausta
1409 2996 1498 3048 Sullas
1512 3014 1553 3061 ps-

412 3071 470 3120 dere
485 3071 514 3119 in
530 3072 674 3129 libertinus,
691 3070 771 3135 qualis
784 3073 908 3121 sententia
920 3073 962 3122 hic
1001 3092 1073 3139 nero,
1090 3078 1134 3126 hcc
1150 3078 1226 3126 miss
1242 3091 1292 3125 uuo
1308 3077 1418 3126 Nomina
1427 3079 1554 3140 deceptus,

412 3148 552 3213 requiritur.
1000 3170 1092 3219 pom
1107 3157 1177 3204 dedit
1192 3170 1270 3219 usque
1285 3158 1430 3217 superque?
1455 3155 1552 3205 Admo-

450 3230 487 3277 Ut
502 3229 627 3291 quondam
639 3229 777 3281 Marsaeus
787 3234 885 3281 amator
900 3233 958 3280 Ori·
1002 3235 1062 3282 dum
1078 3234 1212 3298 ingeniose.
1246 3232 1335 3283 Voluit
1350 3232 1480 3280 nimirum:
1494 3234 1550 3283 Vil-

411 3307 478 3368 uistis
493 3308 548 3367 ille,
580 3310 633 3367 Qui
647 3312 762 3372 patrium
775 3312 866 3361 mimae
876 3313 961 3361 donat
1001 3311 1050 3361 lius
1071 3314 1098 3362 in
1119 3315 1214 3363 Fausta
1234 3325 1350 3376 peccans,
1370 3325 1463 3373 poenas
1483 3314 1553 3363 dedit

412 3384 563 3449 Interpretes
579 3387 668 3436 merito
684 3389 865 3452 adspernantur
876 3393 962 3451 άοηαί,
1002 3393 1092 3441 marito
1113 3392 1192 3453 illius,
1217 3391 1260 3455 qui
1285 3396 1339 3438 erat
1360 3403 1436 3451 gener
1458 3389 1553 3443 Sullae.

412 3469 538 3528 tamquam
562 3480 607 3529 per
633 3480 757 3530 syncopen
786 3469 893 3531 positum
918 3484 963 3532 pro
1001 3472 1097 3521 Fausta
1113 3480 1167 3521 eret
1183 3485 1234 3520 uon
1252 3467 1325 3517 valde
1341 3470 1438 3532 pudica.
1464 3472 1553 3521 Nomi-

413 3545 522 3593 docavs't.
543 3544 692 3607 Legendum
704 3545 818 3595 fortasse:
841 3549 876 3595 Ut
887 3562 962 3610 quon-
1001 3558 1092 3600 nsntur
1108 3549 1190 3615 plures
1207 3548 1323 3609 adulteri,
1340 3548 1404 3598 fictis
1420 3564 1492 3613 saepe
1509 3564 1554 3601 no-

412 3623 472 3670 dam
493 3623 629 3671 Marsaeus
650 3629 750 3672 amator
772 3626 883 3687 Οήςὶηἰε
905 3628 962 3686 ille,-
1001 3631 1121 3689 minibus,
1142 3630 1208 3677 unde
1228 3628 1308 3677 multa
1328 3628 1355 3676 in
1372 3629 1426 3678 istis
1441 3620 1554 3679 historiis

417 3700 470 3758 Qui
488 3701 605 3761 patrium
626 3702 717 3751 mimus
732 3704 827 3751 Manus
835 3703 963 3765 fundum·
1002 3709 1111 3758 obscura.
1137 3706 1338 3756 Afferamverba
1349 3707 1553 3757 ServiiudAen.

413 3792 460 3840 que
476 3779 619 3840 laremque,
636 3777 703 3837 „Nil
713 3778 856 3841 fueritmi,
870 3782 963 3845 inquit,
1002 3787 1050 3836 VI.
1067 3788 1124 3836 612.
1152 3787 1251 3848 Quique
1266 3790 1295 3836 ob
1310 3789 1552 3839 adulteriumcaeai.

412 3871 470 3904 cum
487 3857 607 3905 aserim
624 3871 733 3919 unquam
746 3860 860 3909 cllenbf‘
882 3860 962 3910 Sallu·
1003 3866 1117 3916 Servius:
1136 3865 1181 3924 „Si
1202 3867 1288 3923 occisi,
1305 3864 1458 3928 Aegisthum
1475 3866 1553 3930 sigui-

413 3934 475 3983 stius
492 3936 539 3983 hoc
555 3950 604 3984 uno
620 3950 646 3985 se
663 3936 830 3999 amplectitur,
847 3946 875 3987 ut
886 3954 963 4003 quon·
1002 3945 1066 4002 licat,
1083 3944 1208 4007 Thyestae
1224 3942 1316 3991 filium:
1333 3944 1355 3991 si
1371 3958 1459 3993 revera
1476 3950 1551 4005 eaesi,

413 4015 471 4062 darn
497 4016 626 4064 Marsaeus
648 4014 689 4063 ille
711 4030 738 4065 se
759 4017 962 4081 amplectebatur,
1003 4023 1161 4083 Sallustium,
1188 4037 1262 4087 quern
1288 4023 1351 4073 Milo
1372 4025 1554 4088 deprehensum

413 4094 456 4158 qui
473 4095 579 4153 donans,
600 4108 657 4143 cum
674 4094 793 4155 donabat,
815 4096 867 4155 „nil
888 4098 962 4155 mihi,
1002 4102 1048 4151 sub
1069 4104 1135 4152 servi
1157 4101 1244 4151 habitu
1260 4103 1400 4152 verberavit
1415 4104 1442 4151 in
1458 4104 1553 4154 adulte-

414 4174 505 4238 iuquit,
522 4189 578 4223 cum
595 4174 713 4223 uxoribus
730 4175 840 4224 alienis.“
1002 4182 1040 4229 rio
1056 4197 1115 4231 snae
1132 4182 1218 4231 uxoris
1234 4183 1350 4242 Faustae,
1361 4183 1427 4232 filiae
1444 4183 1555 4233 Sullae.“

447 4253 583 4302 Doderliuo
609 4254 688 4303 iudice
714 4256 859 4303 antecedens
886 4270 962 4317 quon·
1002 4261 1162 4323 Legendum:
1187 4262 1211 4310 si
1234 4264 1377 4311 redemtus
1400 4264 1473 4311 caea.
1512 4262 1556 4313 Itu

414 4334 472 4381 duni
479 4332 602 4395 praesenti
610 4335 687 4382 doum
695 4332 900 4397 significationem
908 4346 961 4395 per-
1002 4339 1122 4389 Horatius
1138 4356 1198 4390 mox
1212 4342 1305 4403 puqnis
1320 4354 1414 4390 onem.

414 4410 471 4459 fecti
481 4412 573 4460 tribuit.
601 4411 719 4473 Quaestio
730 4411 893 4475 grammatica
902 4426 962 4461 sane
1035 4417 1101 4467 Illud
1118 4422 1146 4469 in
1162 4422 1377 4481 Fauslapeseans
1387 4418 1555 4470 illustraviad

413 4490 545 4554 perdigna,
562 4506 624 4555 quae
641 4491 746 4553 amplius
763 4490 906 4552 explicetur.
1003 4492 1101 4542 Horatii
1117 4494 1200 4545 Carni.
1218 4496 1268 4544 111.
1285 4498 1308 4545 5.
1342 4496 1443 4548 Suetou.
1465 4499 1496 4547 de
1519 4500 1556 4551 ll-
