3542 5634
738 574 777 581 —-
1283 553 1327 590 Vll

194 730 341 790 matrona,
369 722 482 777 alarum
510 727 540 775 et
565 719 631 793 ipsa
657 735 764 772 nomen
794 714 881 770 editis
904 714 1041 788 Dialogis
1063 714 1185 788 adepta,
1208 713 1326 782 audivi;

194 825 244 880 sed
266 833 335 880 anta
358 825 458 881 omnia
480 816 552 880 mihi
573 821 710 880 constitit
731 840 770 877 ex
786 819 1044 894 ephemeridibus,
1067 819 1176 891 quibus
1191 818 1328 894 Wytten·

194 929 329 1000 bachius,
356 937 478 1004 praeter
504 937 630 1002 accepta
660 936 691 983 et
717 943 865 1000 expensa,
894 924 954 981 alia
981 942 1114 997 quoque,
1154 943 1235 981 mora
1270 925 1329 982 Lu·

195 1031 267 1103 cilii,
298 1033 381 1089 velut
412 1033 479 1089 fidis
509 1031 661 1088 sodalibus
694 1028 847 1086 credebat.
890 1029 926 1085 In
959 1028 1007 1084 his
1039 1027 1230 1099 brevissime,
1269 1048 1328 1084 uno

195 1132 283 1212 saepe
305 1139 412 1206 verbo,
435 1136 624 1203 Neerlando,
647 1134 778 1203 Franco,
806 1130 932 1202 Latino,
960 1134 1141 1203 annotabat,
1166 1133 1245 1205 quod
1272 1133 1328 1190 sibi

194 1259 312 1314 quoque
338 1240 386 1296 die
409 1240 552 1313 cuiusque
576 1237 686 1295 mensis
709 1247 740 1296 et
762 1235 833 1294 anni
856 1244 975 1310 gratum
993 1237 1043 1292 val
1065 1237 1230 1310 ingratum,
1251 1241 1328 1296 benc

194 1348 242 1402 vel
264 1364 351 1403 secus
373 1346 509 1404 evenisse
533 1352 679 1420 putasset.

234 1449 381 1507 Boschius
415 1467 461 1506 me
493 1458 557 1505 tum
589 1448 712 1505 comiter
744 1446 877 1523 excepit,
910 1455 943 1502 ut
966 1446 1171 1504 adolescentes
1195 1449 1329 1507 discendi

195 1555 298 1610 avidos
320 1554 460 1628 excipere
482 1556 606 1610 solebat.
645 1553 820 1611 Sermonem
842 1552 884 1608 sic
900 1552 938 1607 ad
954 1570 1052 1607 meum
1069 1561 1190 1626 captum
1207 1553 1328 1624 direxit,

195 1667 228 1714 ut
248 1659 349 1715 multis
370 1658 541 1732 praeceptis
565 1656 656 1713 ditior
677 1657 715 1712 ab
731 1674 766 1711 eo
785 1655 986 1726 discesserim,
1007 1657 1141 1714 lucratus
1156 1668 1327 1733 praeterea,

196 1772 227 1819 ut
248 1752 325 1833 dixi,
349 1763 487 1820 notitiam
509 1761 644 1836 nepotis,
667 1777 685 1815 a
707 1777 767 1832 quo
789 1778 816 1816 a.
840 1773 1006 1817 nncccxvr
1023 1761 1146 1818 mirifice
1163 1763 1284 1821 adiutus
1301 1774 1332 1821 et

196 1878 316 1925 ornatus
338 1869 395 1937 fui,
418 1885 546 1940 quocum
569 1866 707 1922 Harlemi
729 1874 763 1921 ut
783 1863 879 1921 frater
903 1865 1086 1922 cumfratre
1110 1867 1183 1923 vixi.

235 1972 289 2028 Ille
315 1971 347 2026 in
374 1970 513 2027 Ecclesia
534 1970 616 2027 haud
638 1970 681 2025 ita
702 1986 824 2041 magna,
849 1969 924 2025 duos
950 1970 1066 2026 habens
1089 1971 1238 2044 collegas,
1261 1973 1331 2028 viri·

195 2077 252 2132 lem
282 2084 396 2150 partem
425 2083 460 2131 ut
487 2075 575 2131 facile
602 2072 681 2130 tueri
707 2080 839 2147 poterat,
863 2072 907 2130 ita
929 2075 1073 2131 tuebatur
1094 2076 1221 2150 egregie.
1266 2075 1333 2134 Ser·

196 2197 297 2236 mones
323 2198 341 2235 a
367 2178 516 2251 frequenti
546 2187 575 2234 ct
600 2186 717 2234 attenta
746 2177 889 2233 concione
917 2178 1128 2235 audiebantur.
1171 2179 1330 2252 Regnabat

195 2286 225 2339 in
249 2283 295 2339 his
317 2283 490 2355 eloquentia
511 2300 596 2339 sacro
619 2290 796 2355 argumento
819 2290 904 2356 apta,
936 2283 1032 2338 oratio
1055 2283 1197 2358 simplex,
1219 2284 1333 2360 perspi·

196 2408 265 2458 cua,
291 2387 408 2462 gravis,
432 2388 544 2458 facilis,
567 2395 602 2443 ut
624 2406 640 2442 e
662 2394 783 2461 pectore
805 2387 948 2443 fluentem
969 2387 1105 2444 sentires.
1147 2388 1233 2446 Nihil
1251 2387 1278 2444 ei
1294 2390 1331 2446 ad

197 2491 426 2549 ostentationem
449 2502 502 2549 aut
524 2493 716 2549 excitandam
737 2491 890 2547 hominum
916 2489 1144 2549 admirationem
1167 2492 1270 2549 exibat
1294 2511 1333 2550 ex

198 2617 259 2653 ore.
302 2596 456 2670 Quidquid
480 2595 622 2666 dixisset,
651 2597 731 2652 idem
756 2604 860 2669 postea
882 2595 1014 2653 libenter
1036 2597 1169 2670 legisses.
1213 2597 1333 2670 Scripta

197 2701 452 2771 Neerlandorum‚
476 2720 554 2774 quae
580 2703 702 2774 quidem
728 2702 758 2757 in
783 2699 886 2773 aliquo
909 2719 1033 2759 numero
1056 2711 1170 2772 essent,
1193 2702 1332 2777 pervolu-

198 2816 316 2864 t-averat
342 2807 403 2864 fere
433 2808 542 2864 omnia.
585 2808 665 2863 Hinc
688 2807 805 2880 patriae
828 2806 949 2879 linguae
971 2806 1154 2879 singularem
1176 2807 1331 2864 scientiam

198 2919 366 2983 assecutus,
395 2932 460 2968 eam
482 2931 536 2968 sua
558 2911 654 2986 ipsius
677 2913 903 2981 observatione,
927 2912 1106 2985 optimorum
1127 2913 1333 2986 grammatico·

198 3033 263 3070 rum
292 3015 377 3072 libris
404 3016 562 3073 formatam
590 3025 620 3072 et
641 3017 779 3090 politam,
810 3015 994 3089 amplificare
1017 3035 1170 3089 nunquam
1192 3017 1332 3073 cessavit.

199 3120 301 3192 Quare
329 3128 423 3177 totam
455 3121 599 3176 sermonis
631 3121 692 3175 vim
719 3121 840 3199 tandem
868 3119 955 3191 quasi
980 3119 1012 3175 in
1039 3128 1188 3193 potestate
1210 3120 1331 3187 habuit3

198 3223 249 3295 qui
272 3223 371 3280 colore
394 3225 524 3296 quodam
541 3223 678 3280 Romano
695 3223 820 3298 iusuper
834 3222 962 3294 tinctus,
986 3221 1088 3280 nescio
1104 3225 1254 3296 quomodo
1269 3242 1334 3279 sua-

198 3325 266 3383 vius
287 3329 326 3384 ad
348 3347 437 3385 aures
459 3329 617 3386 accidebat
634 3336 664 3385 et
682 3329 712 3384 in
731 3328 845 3384 animos
865 3329 1056 3403 penetrabat.
1098 3328 1134 3384 In
1152 3328 1333 3403 explicando

199 3431 369 3489 divinorum
390 3433 526 3489 codicum
548 3451 638 3491 sensu
659 3434 738 3490 hanc
760 3434 948 3507 potissimum
971 3433 1118 3490 rationem
1135 3435 1332 3506 sequebatur,

198 3545 232 3592 ut
253 3537 475 3594 controversias
497 3556 651 3611 nunquam
673 3538 851 3612 attingeret,
879 3539 932 3595 sed
955 3544 1063 3594 cuncta
1085 3538 1123 3594 ad
1147 3536 1227 3594 vitae
1248 3536 1335 3593 disci-

199 3642 327 3715 plinam,
357 3641 537 3699 auctoritate
561 3642 631 3700 Iesu
654 3641 767 3700 Christi
788 3643 987 3718 propositam,
1016 3643 1154 3718 exemplo
1177 3659 1334 3699 consecra-

198 3755 276 3815 tam,
299 3754 393 3802 mortc
416 3748 578 3817 sancitam,
601 3747 739 3804 referret.

241 3850 317 3906 Erat
344 3850 481 3907 Harlemi
503 3851 693 3909 Bibliotheca
725 3853 864 3928 publica,
892 3853 1037 3926 multique
1064 3854 1094 3910 in
1125 3871 1160 3909 ea
1181 3851 1266 3923 libri,
1289 3871 1334 3908 re·

199 3965 297 4012 motae
319 3955 455 4029 plerique
478 3959 600 4028 aetatis,
628 3957 717 4018 MSS.
745 3976 877 4032 quoque,
901 3958 1029 4016 eruditis·
1047 3958 1229 4016 Neerlandis
1253 3958 1333 4014 haud

199 4060 306 4134 ignoti.
347 4059 443 4116 Rudis
465 4068 495 4116 et
515 4062 664 4136 indigesta
685 4062 797 4133 moles,
820 4062 979 4136 iniquitate
1000 4070 1166 4137 temporum
1188 4063 1333 4136 neglecta,

200 4162 290 4220 aliam
322 4152 359 4219 ex
389 4164 449 4220 alia
481 4165 551 4221 sede
583 4175 761 4224 mutaverat.
808 4165 1007 4242 Magistratus
1033 4168 1155 4223 tandem
1181 4167 1336 4222 constituit
1386 4209 1397 4224 .

199 4274 326 4337 certam,
349 4267 428 4323 diem
450 4275 479 4321 et
500 4268 604 4325 horam
625 4271 695 4326 usui
711 4271 865 4335 ¹communi
886 4271 982 4341 dedit,
1010 4289 1110 4327 annua
1132 4268 1265 4327 subsidia
1287 4270 1335 4327 de·

201 4370 311 4441 crevit,
344 4371 496 4429 Vriesium
529 4372 681 4446 praefecit.
739 4375 776 4431 In
819 4393 854 4430 ea
892 4374 1082 4432 Bibliotheca
1124 4373 1335 4432 iucundissime

202 4479 387 4547 morabatur,
410 4479 539 4534 atlante
563 4477 731 4537 festinando
752 4498 808 4536 nec
830 4498 961 4537 rumores
984 4488 1054 4537 ante
1076 4481 1202 4538 salutem
1226 4498 1337 4555 ponen-
