3542 5634
730 436 736 462 '
811 460 1163 527 striaturis

465 660 548 722 Turn
571 653 804 720 Praenestinus
829 649 916 714 salso
939 645 1111 729 multoque
1134 643 1251 708 fluenti

467 763 631 845 Expressa
653 757 787 820 arbusto
809 751 930 836 regerit
953 748 1116 828 convicia,
1141 747 1242 812 durus

468 861 696 928 Vindemiator
718 866 752 923 et
774 856 934 932 invictus,
958 852 1012 917 cni
1035 873 1132 936 saepe
1155 851 1261 914 viator

473 965 651 1045 Cessisset,
674 983 797 1046 magna
818 956 1020 1043 compellans
1043 976 1122 1019 voce
1145 954 1306 1019 cuculum.

467 1070 516 1134 At
539 1066 701 1146 Graecus,
724 1068 902 1148 postquam
926 1063 976 1122 est
1000 1056 1086 1122 Italo
1109 1055 1260 1140 perfusus
1284 1059 1394 1135 aceto,

469 1169 600 1236 Persius
624 1167 804 1231 exclamat:
831 1163 918 1245 „Per
941 1181 1097 1244 magnos,
1123 1159 1239 1240 Brute,
1265 1158 1342 1222 deos
1366 1165 1398 1220 te

469 1272 549 1338 Oroi
574 1269 632 1354 qui
654 1289 745 1352 reges
769 1263 936 1332 consuesti
959 1262 1090 1344 tollere,
1111 1283 1168 1326 cur
1191 1282 1257 1324 non

469 1375 567 1438 Hunc
576 1373 702 1456 Regem
711 1370 857 1454 iugulas?
880 1368 1024 1453 Operum
1035 1365 1107 1446 hoc,
1118 1363 1202 1427 mihi
1211 1363 1321 1445 crede,
1334 1371 1465 1427 tuorum
1477 1367 1565 1427 est.“

424 1539 593 1601 interpretari,
626 1537 666 1584 vel
698 1535 822 1599 pulchrius
849 1533 974 1594 corrigere
993 1570 995 1601 Ι
1014 1529 1095 1593 quivis
1111 1529 1185 1577 sentit
1203 1530 1312 1577 Persius
1322 1541 1389 1574 nunc
1401 1528 1436 1574 ita
1447 1527 1498 1574 fere
1509 1527 1567 1574 sub-

426 1617 511 1664 sciant.
549 1617 605 1678 Ego
626 1616 779 1663 coniecturas
800 1619 898 1661 tantum
919 1625 973 1673 pro·
993 1610 995 1675 ζ
1014 1609 1098 1670 iungi,
1123 1615 1151 1654 ut
1176 1615 1255 1656 metro
1277 1607 1402 1670 implendo
1422 1606 1569 1654 inserviisse

426 1708 502 1758 pono,
519 1701 548 1740 ut
563 1693 675 1742 meliores
687 1693 783 1742 eliru'am
794 1691 920 1747 omnibus,
932 1691 974 1752 qui
993 1686 995 1757 ξ
1015 1687 1136 1736 videatur.
1165 1687 1263 1736 Acerbe
1274 1692 1433 1748 opponuntur
1448 1687 1567 1734 Graecus

427 1781 523 1821 tentare
539 1774 639 1835 possint.
993 1766 1040 1877 ‘pet
1058 1769 1273 1815 Italumacetum.
1307 1764 1379 1824 Quod
1391 1763 1491 1812 additur
1503 1767 1569 1814 Per-

461 1855 535 1902 Soleo
558 1855 685 1914 multoque
703 1852 800 1915 fluenti
838 1851 974 1909 Expressa
994 1894 996 1933 Ι
1015 1849 1082 1904 sius,
1097 1845 1160 1894 illud
1171 1845 1286 1893 acerbum
1298 1844 1456 1892 vehementer
1467 1842 1569 1901 minuit,

428 1934 531 1981 arbitrio
548 1933 640 1993 reperit
656 1932 775 1979 convicia.
809 1928 875 1988 Quid
892 1928 924 1975 sit
934 1943 975 1975 ar·
1015 1940 1061 1974 nec
1081 1924 1188 1972 multum
1209 1922 1322 1970 differta
1340 1924 1446 1970 Persius
1466 1937 1569 1983 serape,

427 2013 510 2069 busto,
527 2024 634 2058 menon
649 2007 788 2068 intelligere
799 2006 884 2054 fateor.
907 2003 975 2066 Opti-
1018 2007 1123 2054 Persius
1132 2005 1234 2052 scilicet.
1241 2001 1341 2062 Quanto
1349 1999 1486 2063 elegantius
1493 2002 1569 2063 poeta

428 2105 498 2138 mum
508 2098 572 2138 esset
580 2090 689 2150 accipere
697 2101 754 2134 cum
763 2084 975 2135 Commentators:
1017 2085 1135 2132 dedisset:
1168 2084 1222 2130 Per
1247 2087 1272 2129 te
1296 2095 1366 2137 avos,
1391 2082 1498 2138 clamat,
1519 2095 1569 2141 per

429 2173 592 2233 ,deprompta
619 2173 645 2216 et
669 2169 775 2228 prolato
800 2180 831 2212 ex
853 2164 976 2225 patore?
1017 2177 1130 2224 timpum,
1153 2162 1250 2217 Brute,
1277 2162 1343 2213 Deos
1365 2167 1389 2208 te
1411 2161 1469 2208 Oro.
1502 2159 1568 2207 For·

390 2269 393 2273 ’
427 2255 464 2295 et:
482 2247 560 2305 „bena
576 2246 617 2294 hic
637 2244 697 2292 dicit
717 2244 899 2298 vindemiator,
920 2239 978 2302 quia
1017 2240 1086 2288 mula
1102 2239 1241 2288 obtestandi
1256 2246 1316 2286 nota
1325 2246 1369 2286 est.
1394 2238 1567 2300 VirgilAen.

428 2328 455 2374 in
471 2323 627 2388 praecedenti
642 2336 717 2370 versu
733 2321 797 2367 dixit
813 2321 917 2366 arbusto
933 2332 978 2379 pro
1018 2323 1052 2370 X.
1069 2320 1125 2372 597.
1161 2321 1215 2367 Per
1232 2323 1269 2376 te,
1284 2332 1330 2380 per
1346 2318 1391 2379 qui
1405 2321 1430 2364 ie
1441 2319 1519 2366 talem
1529 2335 1567 2380 pe-

426 2407 549 2466 peetmf‘
584 2402 633 2452 Sed
649 2400 704 2464 quis
721 2401 767 2448 hoc
783 2398 870 2446 efficiat
888 2410 920 2443 cx
937 2412 978 2444 or·
1017 2402 1227 2460 nuereporcnter.
1252 2395 1567 2459 Eurip.Ph0eniss.1659.

429 2485 516 2532 burto?
548 2479 675 2530 Bentleius
698 2479 764 2526 hunc
784 2477 919 2525 verborum
940 2490 979 2524 or·
1018 2477 1062 2526 val
1080 2477 1143 2541 πρὸς
1161 2478 1187 2524 σὲ
1200 2476 1276 2535 τῆσδε
1287 2477 1390 2540 μητρός.
1414 2476 1568 2538 Interpretes

429 2561 512 2609 dinem
534 2561 671 2610 constituit:
698 2560 765 2608 Tum
787 2555 979 2614 Praenestinus,
1018 2555 1158 2618 saepissime
1173 2555 1339 2612 illustravere,
1356 2555 1448 2603 eximie
1464 2555 1569 2604 Ruhnk.

429 2639 680 2696 durusviudemiator,
690 2643 807 2700 expressa
814 2634 915 2683 arbusto
922 2649 979 2682 con·
1019 2637 1051 2683 ad
1068 2636 1170 2684 Terent.
1188 2636 1269 2684 Andr.
1287 2635 1338 2683 ΠΙ.
1356 2649 1396 2682 ιιι.
1418 2635 1441 2682 6.
1476 2635 1569 2683 Hiatus

430 2717 494 2764 vicia
501 2716 693 2778 regeritPersio.
710 2714 840 2774 Quomodo
847 2715 979 2761 arbustum
1021 2720 1045 2764 te
1066 2729 1123 2763 avos
1145 2714 1231 2762 similis
1248 2721 1285 2762 est
1301 2712 1337 2760 illi
1353 2711 1380 2760 in
1398 2713 1472 2762 Satir.
1490 2713 1511 2762 I.
1529 2727 1568 2762 1x.

431 2795 621 2858 interpretetur,
637 2808 689 2842 non
705 2793 771 2841 dicit.
793 2791 884 2850 Credo,
896 2791 979 2839 arbus-
1020 2793 1060 2842 38.
1096 2794 1126 2842 Si
1142 2809 1180 2841 me
1195 2809 1272 2840 amor.

431 2882 485 2922 tum
509 2874 707 2922 vindemiatoris.
741 2869 860 2920 Horatius
877 2869 980 2920 fortasse
1057 2873 1110 2930 Qui
1124 2886 1193 2934 repes
1209 2873 1331 2920 consuesti
1347 2873 1441 2920 tollere.
1465 2871 1498 2920 In
1515 2871 1569 2920 aliis

431 2953 478 3001 hoc
494 2951 586 3000 voluit:
609 2951 676 3000 Tum
693 2950 872 2999 Praenestinus
890 2949 981 3012 regerit
1021 2953 1153 2999 consueris.
1197 2948 1325 2999 Bentleius
1352 2953 1476 2998 contracti
1503 2959 1569 3000 recte

432 3031 543 3078 convicia
554 3030 728 3094 Persio,quao
740 3027 981 3091 expressitexsalso
1020 3028 1133 3091 praefert.
1166 3030 1249 3092 Lego,
1266 3029 1360 3076 adiecta
1376 3026 1488 3076 liternla:
1513 3046 1568 3078 cou-

431 3117 456 3158 et
472 3108 551 3157 multo
567 3108 653 3156 fluenti
669 3116 782 3172 gutture,
799 3108 880 3166 fauce,
893 3116 981 3164 rostro,
1020 3111 1117 3158 caesiis.
1142 3109 1184 3157 Tu
1201 3114 1225 3156 et
1242 3108 1282 3154 ari
1293 3106 1435 3156 consuestis.
1459 3108 1568 3156 EtBru·

432 3189 509 3247 rictu,
535 3186 577 3235 rel
604 3187 678 3235 simili
704 3186 793 3244 verbo,
818 3187 884 3249 quod
908 3185 981 3249 quale
1022 3193 1061 3235 tus
1079 3190 1110 3236 ad
1126 3187 1322 3237 coniurationem
1338 3197 1423 3239 contra
1440 3189 1461 3236 I.
1479 3187 1568 3237 Caesa·

432 3266 517 3324 fnerit,
535 3265 590 3312 aliis
607 3265 768 3313 divinandum
779 3264 899 3327 relinquo.
932 3264 980 3312 La·
1022 3281 1076 3315 rem
1092 3267 1207 3331 exemplo
1222 3266 1344 3315 maiorum
1354 3267 1519 3326 incitabatur,
1530 3276 1570 3325 ut,

432 3346 514 3394 tinum
530 3352 594 3393 esset
609 3360 728 3407 expressa
745 3347 852 3404 crisim
873 3351 902 3392 ut
920 3344 981 3394 Sue·
1023 3348 1119 3406 Brute,
1135 3362 1184 3395 non
1200 3361 1224 3394 es
1242 3348 1351 3395 Brutus.
1384 3346 1438 3394 Nec
1453 3345 1569 3394 credibile

433 3433 484 3474 ton.
501 3425 528 3473 in
544 3423 632 3474 Claud.
649 3425 688 3472 30.
724 3427 773 3472 Ira
789 3427 902 3487 turpior,
923 3439 980 3486 rpu—
1021 3433 1058 3473 est
1075 3426 1199 3474 hominem
1216 3425 1354 3482 Graecum,
1377 3425 1493 3474 historiae
1516 3440 1567 3474 non

432 3505 769 3560 monterictu,liumentibm
777 3505 891 3551 naribus.
908 3501 980 3550 Varii
1021 3504 1150 3568 ignarum,
1189 3505 1339 3568 Tarquinios
1375 3503 1566 3567 praeteriturum

433 3581 535 3630 affectus
546 3596 591 3644 per
602 3583 696 3630 emtum
707 3579 889 3643 significantur.
908 3579 980 3630 conf.
1021 3585 1102 3632 fuisse.
1136 3582 1202 3632 Dicti
1229 3589 1311 3630 autem
1337 3582 1430 3631 invidia
1454 3583 1565 3646 aliquan-

433 3660 548 3722 exempla
564 3659 595 3706 ab
612 3659 759 3708 Heindorfio
775 3656 877 3706 laudata
893 3660 924 3706 ad
937 3659 981 3709 Sa·
1020 3670 1075 3712 tnnr
1091 3665 1231 3726 mitigatur,
1248 3662 1331 3710 addita
1346 3662 1494 3724 cogitatione
1505 3663 1565 3711 Tar·

433 3737 472 3785 tir.
491 3737 512 3786 1.
530 3752 557 3785 x.
574 3739 598 3788 7.
1020 3741 1169 3804 quiniornm.
1187 3740 1239 3789 Avi
1250 3755 1355 3802 regnum
1364 3741 1565 3803 Tarquiniorum,

467 3818 559 3866 Soleus
574 3822 658 3865 tamen
675 3814 853 3864 vixaGraeco
869 3818 979 3878 separari
1020 3829 1048 3870 tu
1070 3821 1183 3872 Caesaris
1204 3820 1331 3868 sustulisti.
1353 3818 1394 3867 Illi
1417 3821 1565 3883 Tarquinios

432 3902 458 3944 et
470 3895 633 3944 Praenestino
652 3895 727 3943 tribui
741 3902 829 3958 potest,
847 3896 886 3943 cui
899 3897 979 3958 magis
1020 3901 1154 3956 eiecerunt,
1169 3907 1197 3947 tu
1215 3898 1345 3948 Caesarem
1365 3897 1493 3960 iugulasti.
1523 3902 1564 3950 Iu-

431 3975 559 4040 proprium
575 3982 613 4023 est
632 3980 738 4024 acetum.
765 3975 867 4023 Rectius
886 3975 978 4038 legere·
1020 3980 1080 4043 gula
1096 3985 1122 4026 et
1139 3977 1319 4039 huncchem.
1346 3975 1388 4025 Sic
1403 3977 1503 4026 demum
1517 3980 1564 4028 eris

432 4064 483 4104 tur:
502 4056 576 4103 Salso
593 4056 718 4116 multoque
728 4053 826 4115 fluenti
848 4055 979 4116 Repressit
1019 4059 1120 4107 Brutus.

430 4137 563 4184 ambustus
588 4136 682 4195 reperit
708 4134 826 4182 convicia.
869 4133 925 4181 Hoc
953 4133 979 4181 in
1054 4139 1164 4198 Operum
1187 4137 1243 4194 boc,
1268 4135 1330 4184 olibi
1354 4139 1439 4193 mede,
1465 4143 1565 4188 tucrum

432 4215 563 4263 Adtendis
579 4211 716 4274 explicabo.
1018 4218 1073 4262 est!
1097 4213 1177 4263 Varia
1192 4221 1250 4262 sunt
1266 4215 1332 4264 vitae
1348 4231 1452 4279 genera,
1474 4217 1565 4265 diversi

463 4294 704 4341 Persiusexclnmut
718 4294 980 4354 perruaprrorfflrute,
1018 4293 1131 4342 artifices.
1167 4293 1244 4342 Suam
1265 4295 1367 4358 quisque
1384 4296 1458 4345 habet
1475 4303 1563 4355 artem,

431 4373 500 4420 Deos
516 4378 541 4420 te
556 4387 607 4422 oro.
635 4370 700 4420 Cum
713 4371 822 4419 dixerat:
850 4375 887 4420 At
901 4373 978 4421 Grae·
1018 4371 1492 4440 professionem,opus,rixvnv‚ipyov.
1509 4376 1565 4424 Iam

430 4463 475 4498 cus
489 4455 623 4512 postquam
634 4455 671 4498 est
684 4451 755 4498 Italo
764 4450 887 4512 persaeus
898 4456 978 4512 aceto,
1019 4451 1092 4500 Bruti
1110 4452 1230 4500 faciebant
1246 4453 1292 4500 hoc
1308 4467 1382 4515 opus,
1400 4459 1428 4501 ut
1440 4469 1509 4516 reges
1521 4454 1564 4502 tol-
