3542 5634
665 496 689 557 i.
737 514 862 560 senine
889 514 927 568 11,
952 515 1003 560 111.
1323 501 1384 563 179

301 679 330 727 P.
348 679 373 726 9.
407 679 493 727 Pictis
510 683 610 727 tontum
627 681 737 743 pandere
757 681 866 729 tabellis.
899 679 981 729 Acro:
1005 680 1157 743 ,Eleganter
1177 681 1239 730 teles
1255 683 1387 731 ditaveris

250 772 303 806 esse
319 757 430 815 divitius,
447 771 476 805 oc
493 757 514 804 si
529 757 608 820 pictae
624 758 674 806 sint
690 765 798 818 tentum,
823 773 886 820 queo
902 774 947 822 per
968 760 1100 808 everitiem
1122 761 1193 824 tangi
1209 775 1260 809 non
1276 767 1387 824 possunt.

250 837 318 898 Quid
334 837 437 886 interest
453 836 518 886 inter
534 837 708 886 abstinentiam
725 843 751 886 ct
766 839 901 901 picturum,
917 840 967 889 nisi
978 847 1007 887 ut
1017 854 1066 888 usu
1076 845 1174 888 tentum
1185 839 1308 890 frueris?“
1325 842 1387 890 Por-

249 924 315 965 tesse
331 916 440 980 scripsit:
457 916 495 974 „si
512 922 616 980 utreque
633 916 689 965 visu
706 923 803 966 tenuem
820 916 934 968 frnemsf‘

299 996 329 1045 P.
349 998 388 1045 10.
422 997 477 1044 Aut
493 997 560 1043 clius
576 1011 647 1044 cante
665 999 733 1045 lecto.
767 996 845 1055 Sunt,
861 997 905 1060 qui
920 996 1009 1045 malint
1025 1001 1073 1044 ant
1089 998 1158 1045 alius
1174 999 1237 1046 lecto
1252 1013 1335 1048 coece.
1355 1000 1386 1048 In

250 1074 290 1122 his
301 1073 402 1124 (lortius
420 1075 451 1122 ed
469 1074 563 1122 Lucan.
581 1074 603 1122 Ι.
624 1075 677 1124 137.
695 1073 738 1122 ubi
755 1074 834 1122 multe
849 1075 966 1138 exemplu
982 1074 1054 1124 effert
1070 1074 1184 1123 adjectivi
1202 1076 1237 1122 ita
1253 1078 1387 1139 separatio

248 1153 404 1202 substantivo
421 1168 474 1202 suo.
1138 1140 1140 1144 ’

299 1232 329 1281 P.
349 1233 387 1281 14.
426 1233 499 1281 Unde
514 1233 580 1280 enim
600 1231 727 1282 Graecum
742 1233 902 1294 proverbium
919 1235 949 1281 de
966 1233 1090 1282 Romanis
1106 1232 1188 1282 istie?
1220 1233 1386 1282 Proverbium

249 1310 374 1360 Graecum
403 1317 457 1359 eret
473 1311 489 1369 ἢ
506 1309 612 1359 cerdice
629 1310 645 1369 ἢ
662 1309 780 1370 κηλήτης.
815 1311 870 1360 Hoc
890 1311 954 1361 bene
974 1311 1089 1374 Psulyus
1110 1311 1190 1360 effecit
1213 1325 1246 1360 ex
1266 1313 1387 1376 corruptis

249 1390 441 1454 Porphyrionis:
462 1388 631 1450 ἢσπαδωνικὴ
649 1389 725 1449 λήθη.

298 1469 321 1517 Ρ
349 1470 386 1518 14.
420 1469 597 1518 Praeteritum
615 1474 724 1517 temnens
735 1473 858 1518 extremos
869 1471 938 1516 inter
949 1475 1056 1518 euntem.
1078 1468 1184 1530 Quintil.
1194 1470 1257 1518 Inst.
1269 1467 1339 1519 Orat.
1351 1469 1386 1518 X.

248 1563 266 1596 1.
283 1548 324 1597 86.
353 1550 432 1607 Quem
450 1549 560 1596 Homero
577 1549 687 1596 crederet
704 1548 813 1595 manime
829 1549 959 1608 accedere,
975 1550 1112 1606 secundus,
1128 1551 1226 1613 inquit,
1246 1555 1285 1598 eet
1307 1551 1388 1612 Virqi·

249 1629 313 1685 lius,
329 1629 434 1690 propior
451 1632 535 1676 tamen
549 1627 634 1688 primo
650 1642 725 1690 quam
744 1628 826 1677 tertio.

685 1805 717 1846 1.
754 1793 894 1846 SATIRA
920 1796 959 1844 11.

299 1936 332 1984 P.
352 1938 389 1988 17.
425 1937 687 1986 FacetuePaetilloe
705 1937 821 2000 Rufillus
837 1940 894 1988 olet.
927 1938 1027 1986 Mutata
1043 1939 1176 1988 verborum
1192 1939 1318 1990 (intinctio
1333 1956 1389 1990 cen·
1414 1985 1421 1998 .

248 2015 314 2064 tenie
331 2023 443 2066 veterum
459 2016 519 2066 locis
537 2016 618 2066 lucem
635 2017 770 2066 etiamnum
787 2017 916 2067 offundere
932 2024 1021 2080 potest.
1055 2019 1181 2082 Exemplo
1201 2019 1252 2068 siut
1272 2020 1313 2070 vel
1329 2021 1390 2070 hoec

228 2141 229 2144 ,
250 2094 320 2145 Livii
337 2095 424 2145 XLII.
440 2097 480 2145 62.
499 2099 590 2160 Leonti
606 2099 641 2146 ad
658 2097 791 2146 Oonenlem
808 2099 887 2154 mieei,
905 2099 1017 2146 adhibito
1027 2097 1162 2161 frequenti
1178 2099 1289 2158 coneilio,
1304 2101 1390 2148 additi

249 2180 320 2224 eunt.
346 2178 440 2225 Pacem
464 2182 561 2239 petere,
586 2178 705 2239 oectiynt,
731 2182 855 2239 quantum
868 2178 1025 2238 ,Philippus
1041 2182 1137 2238 paetus
1162 2183 1243 2234 eeeet,
1268 2179 1390 2226 daturum

251 2256 348 2304 Persea
366 2256 491 2304 Romanis
511 2256 665 2318 pollicentes.
696 2256 806 2304 Urbibus
832 2256 903 2317 corte
925 2255 1045 2317 nonque,
1070 2257 1162 2317 quibus
1183 2257 1325 2318 Philippos
1340 2270 1389 2306 cee-

251 2335 339 2390 eiseet,
368 2348 493 2383 cercurum
508 2336 630 2396 primum.
664 2336 738 2384 Haec
755 2336 839 2397 leonti.
873 2334 992 2396 Sigonius
1010 2333 1080 2382 vult:
1108 2349 1235 2385 cessurum
1253 2338 1389 2385 Perseum:

252 2412 408 2470 Gronovius,
425 2429 551 2464 cereorum
568 2420 593 2464 et
609 2415 705 2478 ipsum:
723 2415 882 2472 Perizonius,
901 2430 976 2476 quom
985 2417 1114 2477 primum.-
1131 2429 1191 2478 ego,
1207 2417 1311 2465 erotem
1321 2415 1391 2478 derit

253 2494 375 2555 locisque,
392 2495 482 2556 quibus
501 2495 640 2556 Philippus
656 2496 781 2552 ceeeieeet,
799 2506 935 2543 cessurum.
957 2495 1078 2542 Primum
1095 2495 1155 2543 haee
1172 2495 1257 2556 leyen.
1280 2493 1389 2557 Sequen-

252 2573 288 2620 tia
304 2572 452 2622 confirment
468 2573 647 2622 coniecturam:
666 2575 776 2623 Persem
797 2587 923 2621 summam
941 2574 1064 2635 pecuniae
1085 2587 1190 2634 amoene,
1211 2573 1235 2621 ei
1249 2573 1332 2635 pretio
1344 2588 1391 2635 po·

253 2669 305 2704 cem
329 2669 407 2702 emere
421 2659 518 2715 poeeet,
543 2668 593 2702 non
614 2652 717 2702 deettttt
742 2655 856 2702 animum
881 2653 988 2701 conculis
1008 2657 1114 2700 tentare.
1149 2651 1256 2701 Perseus
1281 2652 1328 2701 hoc
1347 2665 1391 2713 per

253 2731 348 2796 legatos
370 2733 467 2796 egebat.
501 2733 591 2796 cheti
612 2745 672 2795 ergo
691 2734 803 2795 primm
820 2733 894 2781 haec:
911 2731 1000 2780 deinde
1016 2732 1123 2794 pretium
1139 2731 1270 2794 augebant.
1294 2732 1393 2779 Deinde

254 2813 280 2861 in
296 2813 342 2861 teli
363 2827 390 2860 re
405 2826 478 2874 saepe
494 2812 623 2860 omittitur.
653 2809 721 2859 Vide
739 2811 837 2860 Menut.
861 2811 894 2858 ed
913 2809 1039 2859 Ciceronis
1059 2811 1139 2874 Epist.
1154 2810 1246 2861 Femil.
1266 2811 1359 2859 11.1x.

302 2892 390 2944 Ρ..17.
425 2893 467 2939 Ad
490 2892 567 2938 istum
584 2891 707 2937 rationem
730 2891 852 2938 sententie
868 2889 911 2936 diu
927 2888 1030 2938 Catonis
1047 2891 1141 2952 referri
1157 2906 1208 2939 non
1221 2895 1314 2953 potest.
1338 2888 1392 2938 Nee

254 2970 317 3019 bene
337 2970 422 3018 retulit
449 2968 644 3030 Oanncgieterus
669 2966 696 3014 in
722 2967 856 3028 Rescriptis
878 2967 1025 3017 Boxhornio
1046 2968 1072 3016 in
1092 2968 1159 3018 Dist.
1176 2967 1279 3018 camnis
1295 2983 1319 3030 p.
1335 2968 1393 3018 301.

254 3051 293 3098 ed.
311 3050 433 3097 Amtzen.

304 3127 335 3175 P.
355 3127 392 3175 18.
427 3125 543 3174 Incaluit
560 3124 656 3189 quoties
672 3124 839 3174 eoeneum
861 3137 936 3172 mere.
970 3121 1042 3171 Ooni.
1064 3122 1152 3171 Burm.
1173 3123 1201 3172 in
1222 3123 1327 3174 AuthoL
1344 3124 1393 3172 Le-

254 3206 307 3252 tine
324 3203 355 3252 T.
373 3205 409 3254 II.
427 3220 451 3268 p.
469 3205 527 3256 597.
698 3237 700 3241 ν
1200 3226 1204 3235 ·

303 3284 334 3332 P.
354 3284 392 3333 19.
427 3285 547 3332 Moechus
563 3280 682 3330 edicetive
699 3294 744 3343 pro
762 3281 908 3328 moechieuc.
941 3280 974 3328 In
990 3278 1096 3328 Anthol.
1108 3280 1195 3329 Burm.
1214 3281 1244 3329 T.
1254 3279 1291 3330 11.
1300 3295 1324 3342 p.
1335 3279 1393 3333 597·

254 3363 347 3426 legitur
364 3365 463 3413 moecha
480 3365 605 3424 sepulcra.
639 3359 791 3421 Exemplum
811 3366 897 3407 temen
912 3358 971 3407 fidei
989 3372 1040 3407 uon
1056 3365 1144 3407 certae.

302 3444 333 3492 P.
349 3443 390 3492 20.
426 3443 506 3490 Fama
523 3442 618 3490 anulum
633 3440 737 3502 oranius
758 3453 834 3501 quom
851 3439 970 3488 restolio.
1004 3437 1096 3487 Livius
1113 3436 1246 3487 XXXIX.
1263 3440 1288 3487 9.
1321 3439 1395 3488 Huic

254 3524 404 3573 consuetudo
419 3524 496 3570 iuxta
511 3521 668 3571 vicinitatem
684 3533 741 3568 enm
763 3518 871 3568 Aebutio
881 3517 954 3580 fnit,
975 3517 1077 3566 minime
1102 3518 1264 3568 ammom
1283 3521 1333 3566 aut
1358 3519 1396 3566 rei

254 3608 302 3650 out
312 3601 403 3665 samoe
419 3603 547 3650 damnosa.

304 3681 334 3730 P.
350 3682 391 3729 26.
426 3681 544 3729 Acellier.
577 3678 646 3729 Cori.
664 3677 695 3724 ad
712 3678 810 3726 Lucan.
826 3675 875 3725 VI.
894 3675 951 3724 585.
973 3674 1109 3738 legendum
1124 3681 1196 3738 putet
1220 3675 1344 3724 awtier:
1370 3678 1396 3722 et

164 3792 165 3795 =
255 3773 316 3808 mox
332 3774 378 3822 pro
393 3774 465 3822 poete
481 3759 577 3808 dolores
594 3757 690 3806 mavult
707 3759 816 3812 labores,
834 3756 866 3802 ad
882 3756 980 3804 Lucan.
997 3755 1035 3804 11.
1051 3754 1109 3806 317.

305 3840 337 3889 P·
353 3839 393 3891 27.
428 3839 541 3887 Deede'nt
563 3839 662 3888 neulier.
696 3835 766 3886 Gort.
790 3835 821 3883 ed
838 3835 935 3884 Lucan.
952 3834 989 3884 11.
1009 3834 1065 3883 156.
1085 3835 1113 3882 in
1141 3833 1282 3895 fragmento
1298 3838 1395 3880 vetusto

258 3916 361 3981 cygneo
377 3918 472 3967 invenit
489 3918 607 3968 dissiliat.
1087 3928 1090 3932 .

686 4075 718 4122 1.
754 4070 892 4121 SATIRA
917 4070 967 4118 111.

306 4233 336 4282 P.
353 4234 394 4282 29.
429 4233 472 4280 Sic
488 4233 574 4295 impar
590 4230 643 4278 eibi.
677 4227 714 4277 Ut
731 4234 817 4276 contre
834 4226 925 4290 aliquis
945 4225 1035 4274 dicitur
1049 4242 1101 4290 por
1117 4229 1177 4286 eibi,
1194 4228 1348 4277 illustratum
1365 4227 1396 4276 ab

256 4313 360 4363 Heinsio
377 4312 409 4360 od
427 4309 512 4360 Ovidii
528 4308 629 4358 Heroid.
642 4306 703 4356 XX.
715 4306 756 4356 62.
789 4307 909 4356 Fortasse
925 4305 1079 4353 reddendum
1096 4305 1142 4355 hoc
1158 4307 1235 4356 Livio
1252 4306 1344 4355 XXII.
1357 4309 1395 4356 15.

258 4394 354 4441 Fabius
367 4391 469 4454 puriter
489 4390 517 4436 in
537 4402 595 4437 ecce
618 4387 687 4434 houd
707 4387 790 4434 ocinus
807 4399 883 4447 qnam
899 4386 927 4432 in
944 4386 1024 4432 hoetee
1040 4385 1167 4444 intentus,
1186 4388 1266 4448 price
1288 4387 1321 4433 ab
1341 4387 1396 4434 illie

255 4472 377 4520 inuictum
394 4471 505 4518 animum
521 4471 646 4529 praestat.
684 4466 843 4527 Quamquam
858 4454 935 4526 prob'e
950 4465 999 4511 ecit
1015 4465 1065 4512 non
1081 4466 1109 4512 in
1130 4466 1225 4513 cnemis
1242 4467 1312 4514 modo
1327 4466 1395 4521 onie,

1167 4544 1237 4607 12*
