3542 5634
674 531 860 596 LIBER
905 532 949 594 II.

290 716 400 782 Coena
424 716 581 801 desurgat
603 715 723 781 dubia?
769 717 855 797 Quin
880 738 996 801 corpus
1021 721 1178 781 onustum

290 819 462 884 Hesternis
485 819 576 884 vitiis
600 819 748 884 animum
773 842 902 906 quoque
924 826 1119 905 praegravat
1140 843 1225 903 una,

288 923 399 1008 Atque
423 921 530 1008 affigit
553 923 653 1010 humo
677 924 808 990 divinae
830 924 1030 1010 particulam
1053 945 1158 989 aurae.

289 1026 400 1108 Alter,
425 1026 484 1091 ubi
508 1026 595 1092 dicto
620 1027 717 1093 citius
742 1033 855 1092 curata
878 1027 987 1112 sopori

291 1129 440 1194 Membra
463 1129 570 1214 dedit,
595 1135 733 1215 vegetus
756 1131 959 1216 praescripta
982 1130 1025 1195 ad
1047 1130 1163 1195 munia
1185 1131 1301 1216 surgit.

291 1233 356 1297 Hic
380 1238 491 1299 tamen
515 1234 557 1298 ad
579 1235 698 1299 melius
722 1234 844 1319 poterit
867 1239 1084 1300 transcurrere
1108 1235 1289 1320 quondam3

292 1335 367 1400 Sive
390 1336 477 1401 diem
500 1336 622 1402 festum
645 1337 772 1402 rediens
797 1337 965 1402 advexerit
988 1357 1114 1420 annus,

293 1439 357 1504 Seu
380 1460 521 1504 recreare
543 1440 633 1505 volet
655 1445 828 1505 tenuatum
852 1461 985 1525 corpus,
1009 1439 1131 1525 ubique

290 1541 458 1607 Accedent
480 1542 577 1625 anni,
603 1548 636 1608 et
659 1543 791 1609 tractari
815 1543 949 1607 mollius
974 1549 1064 1608 aetas

291 1645 463 1710 Imbecilla
485 1646 589 1723 volet3
614 1645 676 1711 tibi
700 1646 858 1731 quidnam
882 1645 1015 1710 accedet
1037 1645 1080 1710 ad
1103 1646 1219 1729 istam,

292 1746 398 1826 Quam
420 1770 502 1834 puer
525 1755 558 1814 et
580 1749 709 1815 validus
733 1749 936 1835 praesumis,
961 1748 1144 1831 molitiem,
1170 1771 1227 1815 seu

292 1851 383 1916 Dura
405 1851 559 1916 valetudo
581 1851 749 1935 inciderit,
774 1874 832 1918 seu
855 1850 950 1916 tarda
973 1854 1143 1916 senectus?

292 1953 477 2019 Rancidum
500 1977 616 2040 aprum
639 1955 767 2041 antiqui
790 1954 986 2036 laudabant,
1010 1975 1078 2019 non
1101 1954 1179 2040 quia
1202 1976 1302 2021 nasus

293 2057 365 2122 Illis
389 2058 502 2123 nullus
526 2063 610 2137 erat3
636 2059 709 2141 sed,
735 2057 847 2136 cred03
871 2057 934 2122 hac
955 2064 1081 2142 mente,
1107 2058 1194 2143 qnod
1216 2059 1334 2146 hospes

284 2223 355 2272 Dicto
370 2225 453 2273 citius
487 2224 685 2274 Commentator:
704 2225 795 2283 „Dicto
869 2227 1010 2292 Cruquius:
1033 2229 1112 2289 „Ood
1129 2230 1219 2280 Bland.
1236 2245 1294 2278 cum
1306 2231 1382 2280 Tons.

172 2352 174 2357 ,
245 2301 318 2350 eitius
335 2310 438 2366 vegetus
455 2304 559 2366 surgit.‘¹
586 2305 653 2354 Alii:
671 2310 727 2367 post
742 2318 794 2352 roe-
835 2305 910 2355 habet
936 2310 1047 2358 vitiaret.
1082 2309 1116 2358 Et
1142 2309 1169 2356 in
1196 2309 1274 2357 tribus
1298 2308 1382 2359 Codic.

245 2397 305 2430 nam
328 2381 465 2444 frugalem,
491 2384 556 2432 dieto
577 2383 648 2432 citius
670 2389 795 2447 peractam
835 2385 925 2436 Bland.
942 2388 1087 2437 adnotatum
1099 2396 1141 2438 est
1152 2391 1367 2450 reprehenderet.“

245 2476 347 2510 somnus
364 2470 389 2511 et
404 2463 502 2525 placida
513 2463 582 2527 quies
593 2464 698 2526 capitur.
714 2462 795 2511 Unice
867 2465 983 2515 Fortasse
1004 2482 1093 2516 manus
1114 2468 1213 2516 Horatii
1233 2476 1331 2516 serrata
1346 2475 1384 2516 est

246 2555 333 2590 verum
358 2541 456 2590 iudico:
485 2549 571 2590 curata
595 2543 706 2592 membra
729 2542 795 2590 dicto
835 2542 861 2590 in
883 2546 1000 2602 vitiaret,
1021 2545 1095 2609 idque
1113 2546 1260 2594 mutandum
1276 2546 1303 2593 in
1319 2548 1383 2594 cita-

245 2621 319 2668 citius
329 2622 411 2684 sopori
422 2621 498 2669 dedit.
529 2620 578 2682 Qui
591 2637 623 2670 ex
634 2621 710 2669 dubia
720 2634 795 2668 coena
835 2629 887 2670 ret:
910 2627 977 2686 qrsod
998 2627 1085 2687 torpes
1117 2626 1229 2673 Tardius
1249 2627 1384 2673 adrerriam

245 2700 339 2763 surgit,
363 2701 429 2749 haud
453 2701 501 2755 cito
523 2701 627 2761 dormit,
648 2701 698 2748 imo
722 2715 794 2765 saepe
835 2701 930 2749 ritaret
954 2705 1119 2760 oonrmodias,
1146 2718 1221 2764 qaam
1252 2704 1384 2764 Intepruru

246 2793 361 2826 somnum
389 2793 475 2842 capere
502 2793 552 2827 non
578 2787 665 2842 potest.
707 2780 795 2845 Neque
835 2779 900 2828 edax
916 2781 1029 2828 domim
1044 2787 1203 2830 consumeret.
1236 2780 1286 2842 Qui
1297 2796 1385 2844 aprum

246 2856 342 2908 Ofellus
366 2858 548 2906 commendaret
571 2857 721 2906 celeritatem
742 2874 794 2908 coe·
836 2856 974 2920 integrum,
992 2865 1129 2919 recentem,
1145 2861 1215 2924 prius
1227 2875 1302 2923 quam
1315 2860 1385 2908 fieret

246 2939 330 2987 nandi.
364 2937 446 2986 Probe
470 2937 577 2995 sciebat,
601 2944 724 3000 quantum
749 2938 795 2987 hoo
836 2938 959 2996 rancidus,
967 2940 1095 2989 comedere
1103 2940 1227 2999 volebant,
1235 2940 1302 2988 intra
1311 2939 1385 2989 breve

246 3017 286 3066 vel
303 3017 331 3066 in
347 3031 423 3066 coena
435 3017 528 3079 frugali
540 3023 638 3065 noceret
649 3016 795 3068 valetudini.
836 3020 934 3078 tempus
962 3017 1042 3066 facere
1070 3018 1199 3066 debebant.
1241 3019 1311 3081 Ergo
1339 3033 1385 3067 nec

245 3097 327 3147 Lente
342 3110 444 3146 coenare
460 3097 570 3160 prodest,
591 3101 619 3143 at
637 3098 695 3145 beas
705 3098 795 3149 taleas,
836 3094 895 3142 salis
918 3097 985 3158 parci
1002 3111 1049 3145 nec
1067 3103 1232 3161 temperantes
1248 3110 1301 3144 esse
1317 3102 1384 3158 pote·

245 3176 400 3239 Porphyrio:
418 3176 482 3235 „aitr
499 3175 520 3223 is
533 3174 645 3237 veroqui
656 3174 728 3222 citius
739 3191 793 3225 con·
835 3179 900 3228 rant.
932 3174 1030 3223 Rustici
1052 3183 1125 3224 erant
1145 3184 1169 3224 et
1190 3174 1259 3238 parci
1281 3181 1305 3222 et
1324 3180 1384 3222 tem-

246 3255 349 3319 quiesoit
365 3268 411 3303 nec
426 3255 469 3301 diu
487 3253 576 3316 vigilat
588 3253 618 3301 ob
629 3253 731 3315 longam
742 3270 794 3305 eoc-
835 3256 957 3313 perantes.
983 3254 1080 3315 Magna
1092 3267 1150 3317 pars
1163 3253 1218 3316 apri
1230 3252 1274 3299 diu
1287 3263 1384 3301 serrata

247 3349 315 3382 nam.
354 3336 466 3392 Crrrata,
484 3332 539 3381 cibo
555 3332 664 3380 modeste
681 3332 756 3381 fotaf¹
835 3329 964 3393 utriusque
981 3331 1081 3380 virtutis
1097 3332 1384 3381 testimoniumhabeba-

283 3415 357 3472 Quod
374 3415 459 3476 lorpes
486 3413 597 3461 Tardius
613 3415 747 3461 adveniens
759 3416 795 3462 ri·
835 3415 876 3457 tur
893 3411 988 3473 magis,
1004 3427 1079 3476 quarn
1096 3413 1162 3476 quod
1179 3413 1254 3461 odore
1267 3412 1383 3461 delectari

247 3493 795 3554 tfatumcourmodius,quamIuteprumeotaa
834 3489 985 3540 viderentur.

246 3573 362 3620 warinus
389 3577 549 3621 consumeret.
592 3570 794 3620 commentator:
867 3568 1008 3618 Servabant
1033 3577 1116 3620 autem
1145 3577 1170 3620 et
1196 3571 1222 3619 in
1248 3573 1382 3621 adrentum

248 3649 334 3708 „Ordo
350 3657 375 3699 et
392 3665 477 3699 sensus
494 3657 543 3702 est:
566 3651 633 3713 quod
654 3649 741 3712 hospes
758 3664 794 3699 se·
834 3645 945 3710 hospitis.
980 3649 1008 3700 si
1024 3649 1069 3700 ille
1085 3651 1180 3699 tardius
1192 3650 1297 3708 veniret,
1308 3666 1383 3714 quam

247 3730 299 3778 rius
324 3731 457 3780 adveniens
481 3729 633 3779 commodius
655 3730 739 3778 ederet
759 3730 794 3777 vi·
834 3734 1031 3788 exspectassent,
1048 3731 1149 3778 rancida
1166 3735 1250 3779 umen
1267 3743 1325 3779 caro
1341 3747 1382 3796 ap-

247 3809 337 3857 tiatum
362 3816 387 3858 et
412 3808 555 3866 rancidum,
579 3822 653 3870 quam
681 3808 794 3856 dominus
834 3807 981 3867 ponebatur.
1008 3809 1066 3857 Non
1079 3810 1186 3858 amabat.
1214 3808 1312 3859 Rustici
1323 3811 1383 3860 adso

247 3893 403 3938 consumeret
419 3889 544 3952 integrum
558 3894 583 3936 et
593 3902 644 3936 non
655 3889 794 3937 vitiatum.“
834 3886 987 3935 commodius
1003 3888 1138 3950 putabant,
1160 3889 1181 3936 si
1200 3888 1288 3951 hospes
1305 3889 1383 3938 nollet

245 3970 327 4016 Acro:
346 3967 468 4030 „Antiqui
486 3967 570 4015 omnia
586 3965 755 4015 custodiebant
770 3974 795 4016 et
834 3972 975 4028 corruptam
996 3981 1109 4026 carnem,
1131 3982 1206 4031 quam
1225 3969 1247 4016 si
1262 3969 1309 4031 ipsi
1325 3983 1381 4017 con·

246 4048 334 4110 quavis
352 4055 475 4095 vetustate
492 4046 635 4094 laudabant.
658 4045 727 4096 Ordo
738 4062 794 4095 cum
834 4044 980 4093 sumsissent
996 4046 1128 4108 integram,
1155 4046 1204 4104 En,
1223 4046 1258 4092 ait
1275 4045 1382 4106 Ofellus,

246 4127 293 4174 hoe
317 4141 404 4176 sensu:
430 4125 504 4187 Quod
528 4125 681 4175 commodius
706 4126 794 4189 hospes
835 4122 978 4186 exemplum
994 4124 1089 4188 priscae
1105 4124 1272 4186 parcimoniae
1284 4131 1310 4172 et
1320 4132 1381 4174 tem·

245 4208 351 4255 adiuret
368 4212 507 4264 servatum,
528 4220 603 4268 quam
620 4212 700 4254 totum
717 4205 793 4254 domi·
834 4204 974 4264 perantiae!
1002 4204 1043 4251 En
1061 4202 1244 4251 verosheroas!
1268 4204 1312 4252 Illi
1323 4204 1382 4254 seie-

245 4298 293 4332 nus
310 4284 458 4334 absumeret.
493 4288 626 4347 lutrarum
649 4291 692 4332 aut
713 4291 794 4332 totum
823 4281 895 4330 ,banc
911 4285 1038 4331 custodire
1054 4288 1079 4330 at
1094 4297 1202 4331 serrare.
1237 4283 1310 4344 Quod
1327 4284 1382 4333 hos·

245 4371 347 4412 autnon
356 4368 524 4427 corruptum.“
544 4362 697 4425 Porphyrio:
712 4363 794 4419 „Ran-
834 4374 876 4422 pes
887 4360 1035 4418 fastidiebat,
1047 4357 1093 4423 ipsi
1105 4375 1155 4408 non
1167 4360 1315 4411 fastidirent.
1328 4365 1382 4413 Nos

245 4443 330 4491 cidum
348 4443 406 4491 ἀντὶ
424 4445 484 4503 τοῦ,
507 4443 567 4490 dum
584 4447 697 4488 servatur
714 4441 792 4489 ranci-
833 4438 897 4486 nihil
914 4439 946 4486 ad
963 4439 1021 4488 istos
1039 4438 1149 4488 homines
1166 4454 1259 4490 sumus.

244 4522 305 4570 dum
323 4523 441 4570 faetumf‘
812 4521 815 4568 l
868 4516 1021 4566 Scholiastae
1042 4523 1107 4566 recte
1124 4525 1229 4566 utuntur
1244 4519 1325 4569 uerbis
1341 4537 1382 4570 ca·
