3542 5634
395 512 437 574 60

787 506 1139 572 SA'l'lRARUM

436 689 601 756 Mercedes
623 711 788 775 sequerer;
809 683 914 776 neque
935 711 995 776 ego
1014 710 1120 755 essem
1138 695 1290 776 questus3
1311 697 1346 756 at
1362 692 1422 756 hoc
1443 715 1537 758 nuuc

438 795 525 859 Laus
548 793 600 858 illi
622 794 757 858 debetur
775 797 808 858 et
830 816 850 858 a
869 813 924 857 me
941 792 1049 878 gratia
1069 793 1182 857 maior.

435 897 494 961 Nil
513 919 565 962 me
583 897 750 983 poeniteat
767 918 885 961 sanum
906 895 1009 980 patris
1032 895 1148 974 huius3
1173 918 1275 983 eoque

436 1001 528 1083 Non,
548 1005 586 1065 ut
606 1022 729 1085 magna
751 999 826 1065 dolo
850 998 977 1064 factum
994 1003 1095 1084 negat
1118 1021 1188 1065 esse
1213 1022 1273 1066 suo
1293 1021 1386 1087 pars,

438 1103 532 1183 Quod
555 1126 621 1168 non
643 1103 804 1188 ingenuos
831 1102 951 1167 habeat
973 1103 1141 1188 clarosque
1162 1109 1333 1189 parentes,

437 1206 491 1272 Sic
516 1228 569 1271 me
590 1206 773 1272 defendam.
823 1205 936 1290 Longe
955 1227 1029 1270 mea
1046 1206 1209 1292 discrepat
1229 1207 1302 1273 istis

438 1310 484 1373 Et
507 1332 572 1376 vox
595 1314 629 1374 et
649 1309 741 1374 ratic.
790 1309 878 1374 Nam
902 1308 930 1374 si
955 1314 1073 1373 natura
1093 1309 1220 1375 iuberet

437 1413 470 1476 A
492 1412 589 1477 certis
610 1412 707 1476 annis
727 1434 845 1478 aevum
866 1432 1009 1476 remeare
1026 1417 1195 1496 peractum

439 1517 550 1601 Atque
568 1515 650 1580 alios
673 1516 796 1602 legere,
818 1515 860 1580 ad
886 1514 1010 1580 fastum
1036 1536 1257 1601 quoscumque
1276 1524 1426 1603 parentes

429 1662 458 1728 A·
472 1661 549 1708 certic
564 1661 638 1708 anau
654 1675 742 1710 uenum
758 1675 868 1708 remeare
882 1673 939 1721 per·

394 1745 486 1789 cetum.
520 1741 579 1788 Non
602 1739 661 1787 satis
681 1737 795 1800 intelligo
815 1738 875 1801 quid
891 1737 941 1785 siut

395 1819 458 1866 enai
474 1821 546 1867 certi.
574 1819 602 1867 A
618 1817 761 1868 Scholiastis
777 1816 840 1864 nihil
855 1817 940 1865 disces.

348 1911 350 1915 ·
394 1894 592 1945 Commentator:
615 1897 660 1956 „si
682 1903 772 1944 natura
787 1895 942 1958 permitteret

393 1990 433 2024 me
449 1976 553 2034 renasci,
570 1982 595 2024 et
611 1975 703 2038 eligere
715 1981 829 2038 parentes
844 1988 876 2022 ex
886 1973 940 2037 qui-

394 2055 439 2103 bus
456 2057 594 2103 uascerer.“
628 2055 710 2103 Acro:
728 2053 773 2113 „Si
783 2061 874 2101 nature
884 2066 940 2101 con·

393 2135 490 2184 cederet
505 2140 534 2181 ut
550 2134 662 2183 homiues
679 2139 873 2189 renascerentur,
891 2130 941 2189 vel,

393 2213 481 2277 quodsi
497 2218 588 2260 natura
603 2213 694 2261 faceret
710 2212 818 2275 aliquem
839 2227 854 2260 a
873 2218 941 2260 certo

382 2306 459 2339 anno
479 2298 588 2353 repetere
610 2292 688 2338 vitam
709 2305 781 2338 suam
802 2297 857 2353 post
875 2304 940 2338 mor·

394 2375 467 2419 tem.“
502 2370 558 2418 Hoc
582 2375 619 2418 est
639 2368 731 2432 duplex
753 2368 940 2431 interpretatio:

393 2451 437 2513 qui
458 2450 603 2498 renascitur
623 2447 700 2496 vitain
722 2447 810 2511 repetit
828 2462 844 2495 a
859 2447 941 2510 primo

393 2529 477 2587 initio,
492 2528 654 2591 repuerascit,
670 2534 699 2575 ut
715 2527 750 2575 ait
761 2526 860 2585 Cicero,
877 2533 903 2575 et
914 2527 940 2574 in

393 2608 463 2655 cunis
480 2609 570 2656 iterum
587 2607 670 2668 ragit:
695 2607 740 2669 qui
759 2606 846 2668 repetit
862 2606 940 2654 vitam

392 2703 410 2734 a
431 2692 499 2736 certo
519 2699 599 2742 onae,
623 2685 712 2746 repetit
732 2700 755 2733 v.
781 2698 801 2732 c.
823 2684 854 2732 ab
874 2699 941 2734 anno

393 2765 502 2822 decimo,
527 2762 669 2821 undecim0,
696 2763 853 2822 duodecimo;
870 2764 939 2822 anni,

394 2844 437 2908 qui
465 2849 659 2899 antecesserunt,
686 2842 809 2905 quomodo
833 2855 879 2903 pro
903 2842 941 2892 ni·

393 2924 445 2972 hilo
456 2925 593 2972 ducantur?
615 2919 698 2969 Valde
709 2919 771 2967 mihi
783 2919 876 2967 arridet
886 2919 951 2982 pub·

393 3003 517 3051 cherrima
537 3001 676 3050 coniectura
695 2999 742 3046 viri
760 2999 790 3046 cl.
807 2999 828 3047 1.
845 2999 940 3047 Bootii:

393 3086 416 3130 A
441 3085 532 3131 teneris
553 3082 627 3130 annu
648 3094 737 3128 cecum
758 3093 870 3128 remeare
884 3093 941 3141 per-

392 3165 484 3211 actum,
506 3161 608 3210 Aevum
627 3163 754 3221 peractum
773 3157 809 3204 ita
820 3170 940 3215 remeans,

393 3239 452 3288 facit
468 3240 594 3288 hominem
610 3237 707 3286 renasci
724 3237 776 3284 sine
789 3236 940 3298 parentibus.

393 3318 476 3380 Ergo,
502 3318 523 3365 si
546 3326 583 3366 est
604 3324 695 3373 aetate,
721 3321 807 3362 tenera
827 3314 940 3378 quidem,

393 3398 435 3446 sed
457 3405 542 3446 tamen
562 3397 672 3460 aliquam
693 3394 818 3443 iudicandi
840 3392 940 3440 faculta-

392 3484 443 3524 tem
468 3478 586 3535 habente,
607 3476 678 3538 eligit
700 3481 725 3522 et
742 3473 819 3523 sumit
834 3472 881 3521 sibi
898 3489 940 3536 pa-

392 3564 487 3614 rentes,
512 3570 573 3619 quos
595 3555 664 3602 velit.
698 3553 729 3600 In
754 3552 830 3601 MSS.
856 3559 939 3600 autem

392 3649 464 3698 saepe
475 3649 520 3697 pro
532 3631 687 3682 TENERIS
698 3631 814 3679 scribitur
825 3630 939 3680 TERIS.

425 3711 562 3760 Doderlino
583 3713 647 3759 certi
667 3712 730 3759 onai
750 3710 866 3757 videntur
886 3723 939 3758 esse

392 3791 498 3854 oppositi
522 3791 608 3839 mobili
628 3791 760 3847 iuventae,
783 3793 855 3836 aeter
877 3788 939 3837 adeo

392 3875 521 3925 coactans,
546 3868 714 3927 καθεστηκυῖα
740 3865 838 3928 ἡλικία,
863 3881 937 3929 quam

392 3954 499 3996 aetatem
515 3946 634 3995 Horatius
651 3959 718 3993 nune
734 3944 847 3994 habebat.

426 4029 510 4090 Atque
525 4029 590 4075 elice
606 4030 696 4088 leqere,
713 4025 856 4088 adsuetum
867 4040 938 4088 quoe-

391 4121 487 4169 ccuque
500 4111 621 4168 poreatee
648 4106 758 4166 optaret
772 4105 938 4168 omoeoque.

392 4185 507 4234 Praestat
529 4197 589 4232 sane
609 4183 681 4246 iungi
701 4186 736 4232 ud
745 4184 851 4247 foetam
867 4189 938 4246 opta·

392 4270 445 4320 ret,
470 4269 500 4310 ut
524 4276 590 4310 nunc
615 4263 714 4326 quidem
738 4264 786 4310 ista
809 4262 936 4324 leguntur.

393 4341 443 4389 Sed
464 4341 503 4388 hic
522 4357 588 4391 nova
604 4341 738 4390 difficultas
755 4341 875 4390 obiicitur.
910 4341 938 4390 Si

392 4426 482 4467 natura
497 4421 594 4470 iuberet
609 4422 720 4469 homines
736 4421 840 4480 renasci,
852 4427 876 4469 et
892 4420 938 4467 sibi

392 4498 452 4546 alios
467 4507 581 4561 parentes
599 4501 694 4562 legere,
715 4501 838 4563 quomodo
857 4501 937 4549 Hora-

981 1659 1031 1708 tius
1043 1659 1167 1709 voluntati
1179 1665 1284 1709 natiuae
1296 1661 1436 1710 resisteret?
1455 1661 1535 1711 Scho—

981 1737 1068 1788 liastae
1098 1741 1145 1788 hoc
1176 1740 1304 1798 videntes,
1334 1741 1536 1803 interpretantur

981 1819 1078 1867 cubem
1088 1855 1094 1876 ,
1120 1822 1280 1881 permitteret
1290 1837 1298 1866 .·
1327 1819 1519 1869 Commentatcr
1529 1839 1535 1868 :

981 1897 1064 1954 „Nam
1089 1898 1111 1946 si
1135 1905 1226 1947 natura
1249 1913 1290 1947 me
1314 1893 1469 1962 pei-mitteret
1493 1913 1535 1947 re-

981 1976 1062 2035 nasci,
1085 1984 1110 2024 et
1132 1977 1225 2040 eligere
1245 1985 1371 2040 parentes,
1393 1977 1535 2040 exquibus

981 2068 1107 2112 nascerer,
1125 2068 1172 2116 ego
1187 2069 1237 2103 nou
1251 2055 1352 2104 mallem
1364 2070 1396 2104 ex
1407 2055 1534 2105 honestio-

981 2132 1048 2182 ribus
1066 2133 1157 2182 muniis
1174 2133 1265 2183 functis
1282 2135 1362 2193 nasci,
1381 2149 1455 2198 quam
1476 2136 1533 2198 qui-

981 2211 1028 2260 bus
1052 2220 1126 2261 natus
1151 2217 1231 2262 sum.“
1265 2214 1346 2263 Acro:
1373 2213 1419 2272 „Si
1439 2221 1533 2262 natura

981 2290 1137 2348 concederet,
1155 2298 1183 2338 ut
1200 2291 1312 2342 homines
1329 2298 1532 2340 renascerentur:

981 2369 1035 2428 vel,
1056 2369 1143 2432 quodsi
1164 2376 1253 2418 natura
1273 2370 1363 2419 faceret
1385 2370 1495 2432 aliquem
1516 2385 1533 2418 a

981 2454 1048 2496 certo
1072 2462 1137 2497 anno
1159 2455 1268 2512 repetere
1289 2449 1368 2496 vitam
1385 2463 1456 2496 suam
1474 2461 1533 2514 post

981 2533 1099 2585 mortem,
1116 2534 1141 2576 et
1157 2527 1227 2576 fieret
1244 2527 1281 2576 illi
1298 2533 1404 2590 potestas
1421 2528 1532 2592 eligendi

981 2618 996 2651 a
1013 2605 1070 2653 fatis
1088 2621 1149 2669 quos
1166 2607 1243 2656 vellet
1256 2613 1382 2670 parentes,
1398 2615 1531 2658 contentus

981 2699 1059 2733 assem
1084 2685 1225 2748 parentibus
1250 2685 1338 2734 meis.“
1375 2688 1532 2738 Permittere

981 2769 1006 2812 et
1027 2767 1157 2814 concedere
1176 2764 1279 2828 requirit
1301 2765 1436 2822 sententia,
1458 2768 1531 2815 utin

980 2842 996 2890 l.
1013 2841 1029 2890 l.
1048 2842 1175 2892 Ciceronis
1192 2845 1222 2892 de
1240 2843 1336 2893 Senect.
1353 2842 1393 2892 23.
1425 2846 1455 2893 st
1471 2847 1531 2907 quia

981 2923 1054 2970 Deus
1070 2925 1133 2970 mibi
1145 2925 1286 2984 luryiotur,
1302 2929 1332 2971 at
1343 2939 1374 2971 es
1386 2925 1433 2974 buc
1444 2931 1530 2974 aetate

980 3015 1154 3062 repuerascam
1171 3007 1195 3050 et
1212 3002 1240 3049 t'n
1255 3003 1327 3051 cuais
1337 3002 1444 3063 capium,
1456 3005 1531 3051 ualde

980 3093 1098 3127 recusem.
1138 3078 1201 3128 Cato
1225 3095 1342 3128 recusare
1366 3087 1448 3142 posset
1472 3081 1528 3129 Deo

981 3159 1114 3219 larpienti,
1146 3159 1264 3208 Horatius
1297 3165 1400 3206 naturae
1432 3161 1529 3218 iubenti

981 3250 1031 3284 non
1059 3244 1161 3299 poterat.
1190 3237 1241 3286 Ubi
1267 3243 1350 3285 autem
1375 3239 1459 3286 iubere
1484 3253 1529 3300 pro

981 3317 1110 3364 concedere
1145 3316 1253 3378 positum
1289 3317 1429 3365 invenitur?
1471 3317 1528 3365 Dif-

981 3392 1078 3442 ficultas
1095 3393 1144 3443 loci
1160 3395 1217 3442 inde
1231 3409 1330 3457 quoque
1341 3401 1450 3459 apparet,
1462 3397 1528 3457 quod

980 3471 1029 3520 iam
1055 3473 1116 3521 olim
1137 3476 1172 3522 ad
1186 3474 1292 3534 fastam
1312 3488 1363 3522 non
1383 3487 1434 3520 unc
1454 3473 1528 3522 modo

980 3559 1154 3614 exposuerunt.
1188 3552 1270 3601 Acro:
1293 3555 1353 3610 „Ad
1362 3554 1478 3615 sosium:
1497 3554 1528 3601 ad

981 3632 1134 3693 superbiam,
1151 3633 1183 3678 ad
1199 3630 1364 3692 nobilitatem
1382 3646 1428 3689 an,
1440 3632 1470 3679 ad
1483 3632 1527 3680 eli·

980 3710 1054 3770 gendi
1070 3711 1210 3768 fastidium,
1231 3711 1296 3773 quod
1315 3725 1347 3758 ex
1364 3710 1434 3772 copia
1450 3711 1527 3758 nasci·

979 3793 1053 3837 tur?“
1087 3790 1240 3854 Porphyrio:
1267 3791 1328 3849 „Ac
1340 3791 1459 3852 suetum,
1480 3789 1527 3838 hoc

979 3873 1016 3915 est
1036 3869 1068 3915 ad
1090 3867 1215 3917 fastidium
1232 3885 1261 3917 ac
1277 3884 1321 3933 per
1337 3869 1384 3916 hoc
1399 3871 1527 3930 superbe.“

979 3945 1074 4005 Aliter,
1095 3961 1171 4008 quam
1193 3947 1270 4005 Acro,
1304 3947 1436 4006 Horatius,
1453 3954 1526 4010 puto,

979 4025 1025 4072 hcc
1041 4025 1132 4074 voluit:
1153 4025 1198 4086 „Si
1214 4027 1260 4076 hoc
1270 4025 1326 4088 lege
1342 4033 1446 4074 naturae
1463 4036 1526 4076 esset

978 4103 1148 4160 constitutum,
1160 4111 1188 4152 ut
1200 4105 1322 4162 homines,
1332 4111 1462 4168 postquam
1474 4121 1524 4155 cer-

978 4189 1033 4230 tum
1058 4196 1180 4231 annorum
1205 4198 1337 4232 numerum
1358 4185 1524 4248 expleverint,

978 4275 1069 4309 novam
1080 4263 1158 4312 ritem
1169 4270 1315 4327 repeterent,
1327 4271 1352 4312 et
1362 4263 1407 4311 sibi
1417 4265 1520 4328 quisque

978 4347 1092 4402 parentes
1100 4340 1184 4404 legere
1195 4350 1288 4406 posset,
1305 4357 1367 4406 quos
1379 4342 1465 4402 vellet,
1478 4358 1524 4406 ego

979 4434 1028 4467 non
1046 4419 1122 4468 aliurn
1140 4421 1263 4484 legerem,
1280 4436 1354 4484 quam
1372 4436 1437 4479 eum,
1450 4437 1522 4486 quem

978 4499 1003 4546 in
1021 4513 1082 4548 acro
1093 4508 1192 4563 peracto
1203 4501 1302 4549 habui.“
1320 4501 1389 4549 Haec
1402 4503 1522 4550 sententia
