3542 5634
716 470 897 534 LIBER
944 471 988 534 ΙΙ.

304 659 367 724 Oui
393 657 493 723 Oanis
518 679 558 720 ax
581 677 657 720 vero
681 656 817 721 ductum
841 677 1024 740 cognomen
1046 657 1215 739 adhaeret,

304 760 539 846 Quinquennes
563 759 650 824 oleas
674 765 726 824 est
748 763 783 823 et
805 757 971 824 silvestria
992 780 1106 840 corna,

301 865 352 928 Ac
376 863 441 928 nisi
464 867 632 927 mutatum
654 861 761 946 parcit
784 860 961 926 defundere
983 860 1120 942 vinum,
1143 869 1195 942 et,

303 967 406 1032 Cuius
430 966 562 1030 odorem
585 964 648 1030 olei
671 985 812 1049 nequeas
835 964 995 1050 perferre,
1019 965 1133 1030 licebit

304 1070 367 1135 Ille
390 1068 535 1154 repotia,
560 1067 687 1132 natales
711 1065 834 1132 aliosve
858 1066 986 1133 dierum

305 1173 421 1238 Festos
445 1171 576 1237 albatus
601 1171 758 1252 celebret„
783 1192 885 1235 cornu
909 1170 980 1256 ipse
1002 1170 1113 1235 bilibri

305 1274 465 1342 Caulibus
488 1273 648 1355 instillat,
672 1272 791 1338 vetaris
815 1293 882 1337 non
905 1294 1022 1359 pareus
1044 1274 1137 1339 aceti.

304 1379 403 1458 Quali
426 1377 530 1462 igitur
553 1376 645 1442 victu
667 1376 798 1461 sapiens
821 1380 952 1459 utetur,
975 1381 1010 1440 et
1033 1377 1149 1442 horum

304 1481 425 1548 Utrum
448 1480 652 1546 imitabitur?
698 1480 770 1545 Hac
794 1485 891 1564 urget
912 1480 1030 1565 lupus,
1056 1479 1115 1544 hac
1138 1480 1246 1563 canis,
1270 1481 1373 1546 aiunt

305 1585 450 1649 Mundus
473 1584 556 1666 erit,
580 1584 637 1669 qui
661 1605 727 1648 non
750 1582 896 1648 offendat
918 1582 1087 1664 sordidus,
1112 1589 1211 1668 atque

305 1689 344 1751 In
368 1694 519 1752 neutram
542 1693 669 1772 partem
693 1687 802 1752 cultus
826 1685 936 1750 miser.
985 1685 1049 1750 Hic
1074 1708 1179 1770 neque
1202 1687 1321 1766 servis,

256 1862 356 1910 cinnius
372 1867 472 1925 putem:
500 1863 530 1909 Si
555 1867 580 1910 te
604 1863 676 1909 aliud
699 1875 808 1923 procum
848 1862 972 1908 sordibus.
1006 1859 1137 1908 Bentleius
1148 1859 1258 1922 legebat:
1275 1877 1328 1923 pau
1347 1877 1397 1910 noa

259 1941 402 1989 detorserit.
432 1939 551 1987 vFrustra
575 1937 720 2002 Charybdin
745 1938 807 1986 rita-
848 1939 962 2001 trffeudat
989 1941 1112 1988 molitur.
1140 1938 1188 1986 hoc
1213 1945 1262 1986 est:
1295 1939 1401 2002 Sapiens

257 2019 335 2077 varia,
358 2019 379 2066 si
400 2024 425 2066 tc
441 2016 528 2080 Scylla
544 2017 575 2066 de
591 2025 659 2066 racto
674 2031 751 2065 cursu
767 2017 808 2065 do·
849 2018 960 2066 mundus
975 2019 1024 2066 erit
1039 2025 1276 2080 aatenus,quanou
1286 2018 1401 2068 sordibus

257 2097 349 2146 iecerit.
374 2097 496 2146 Horatius
507 2105 532 2146 et
543 2097 585 2144 alii
594 2111 808 2159 prcoum,prcaa
849 2095 975 2144 fufidium
990 2105 1103 2154 moreat,
1124 2097 1150 2144 iu
1172 2106 1288 2146 neutram
1303 2105 1400 2160 partam

256 2193 330 2240 saepe
347 2176 502 2225 substantive
518 2183 651 2239 usurpant,
670 2183 698 2224 ut
713 2190 750 2224 vs.
767 2176 807 2224 52.
848 2175 932 2224 cultus
951 2175 1026 2224 misor
1046 2177 1105 2235 erit,
1130 2193 1211 2241 noque
1230 2177 1352 2226 inclinans
1373 2176 1400 2224 in

259 2258 436 2320 proridocilia
448 2257 698 2304 Rornunaiuaeatar.
732 2255 809 2304 Recte
848 2255 952 2302 nimiam
967 2256 1126 2315 munditiem,
1150 2272 1231 2322 neque
1255 2258 1282 2306 iu
1307 2258 1400 2305 rictum

256 2343 342 2384 autem
359 2336 421 2383 uitio
437 2333 598 2396 subiungitur
613 2338 808 2396 mutuatam·
848 2332 983 2382 sordidum.
1016 2333 1073 2382 Alii
1089 2334 1167 2383 aliter.

257 2430 334 2478 qnam
350 2414 408 2476 plus
425 2413 481 2471 illo,
503 2427 560 2460 cum
583 2413 646 2460 vitia
660 2413 686 2460 iu
703 2425 806 2460 consue-
877 2408 1042 2460 Doderlinua:
1054 2413 1319 2474 „Sapieusiutantnm
1328 2427 1401 2460 mun·

257 2493 372 2542 tudinem
382 2500 408 2541 et
419 2500 536 2540 naturam
547 2492 671 2540 abierunt
689 2491 731 2542 sic
743 2492 808 2541 Vell.
849 2491 897 2538 dua
913 2491 973 2547 erit,
991 2499 1019 2540 ut
1030 2506 1080 2540 non
1091 2491 1202 2540 offendat
1211 2493 1338 2548 sordibus,
1349 2506 1399 2540 non

259 2571 358 2620 Patere.
375 2573 412 2620 11.
430 2585 457 2619 x.
494 2573 562 2620 Adeo
584 2576 684 2620 mature
700 2587 717 2620 a
732 2573 810 2620 rectis
849 2569 876 2618 iu
894 2578 1004 2629 tautum,
1019 2578 1049 2619 ut
1064 2570 1169 2619 delectet
1184 2571 1310 2619 luxibus.“

257 2653 286 2698 ia
302 2652 382 2711 vitia,
399 2667 416 2698 a
432 2652 505 2699 vitiis
521 2651 550 2697 in
568 2665 664 2712 macc,
685 2666 702 2698 a
720 2653 810 2712 prauis
883 2650 969 2712 Atque
1004 2649 1035 2697 lu
1058 2656 1176 2698 nannum
1199 2657 1301 2712 purtem
1317 2651 1402 2698 calm

256 2733 284 2778 in
308 2731 463 2792 praecipitia
487 2731 641 2790 pervenitur.
683 2729 734 2778 Ubi
758 2744 807 2778 uon
850 2727 933 2775 miser.
966 2727 1015 2776 Hic
1035 2743 1136 2792 qnoque
1151 2729 1297 2792 interpretes
1312 2728 1340 2776 in
1356 2743 1400 2776 ra·

256 2821 348 2870 sequar
364 2807 810 2870 Ruhnkenium‚legantemarectia
849 2805 899 2853 rias
923 2812 1006 2868 partes
1031 2808 1183 2856 scinduntur.
1222 2808 1336 2871 Iungunt
1361 2808 1401 2856 vel

256 2889 286 2934 iu
300 2902 396 2950 prava,
413 2901 429 2934 a
445 2888 532 2949 prauis
547 2888 575 2934 ia
589 2889 743 2950 praecipitio
753 2903 808 2950 per-
848 2890 949 2946 partem
965 2888 1063 2943 cultus,
1086 2886 1127 2935 vel
1147 2889 1223 2935 miter
1242 2889 1339 2944 cultus,
1361 2885 1401 2934 vel

257 2967 366 3014 uertitur.
393 2964 506 3014 Velleius
517 2965 620 3014 sortasse
630 2967 756 3029 cogitabat
765 2967 808 3016 Li·
828 2950 830 3011 l
849 2966 934 3012 cultus
950 2966 1073 3028 ascipiunt
1087 2980 1134 3028 pro
1149 2964 1278 3028 participio
1295 2964 1410 3027 passivo,¹

258 3044 334 3092 viana
342 3043 809 3095 istainPraafationeztubentedeinde
848 3042 891 3090 vel
903 3045 978 3090 mim
989 3046 1016 3091 iu
1028 3050 1148 3092 muham
1157 3049 1267 3107 portem·
1288 3043 1321 3091 In
1330 3043 1399 3091 omni

256 3125 396 3184 paullatim
413 3125 561 3185 disciplina,
582 3125 652 3171 velut
669 3125 809 3172 desidem
847 3121 1050 3183 interpretatione
1066 3128 1117 3177 ωε,
1131 3122 1199 3184 quod
1215 3121 1322 3184 placeat,
1332 3123 1399 3184 quod

256 3203 342 3264 primo
358 3215 439 3250 morat
454 3206 577 3264 &quatur
598 3203 696 3250 auium:
720 3202 809 3249 deinde
848 3201 982 3264 displiceat.
1014 3197 1128 3249 conieci:
1146 3200 1264 3248 Mundus
1280 3202 1400 3262 erit,qui

258 3287 288 3329 ut
308 3282 394 3343 mapis
418 3281 546 3342 turpiaque
571 3280 638 3350 lapsi
661 3283 729 3337 aiat,
754 3286 808 3328 tant
827 3264 830 3359 i
847 3295 897 3328 uon
916 3279 1031 3342 offendat
1050 3280 1164 3327 sordibus
1183 3284 1260 3340 utque
1283 3280 1321 3326 Iu
1340 3295 1399 3327 neu-

256 3361 295 3408 a'ra
311 3361 438 3421 coeperint
451 3358 612 3420 praccipites.
849 3365 918 3406 ιναηι
934 3363 1035 3420 partem
1051 3359 1130 3406 culta
1165 3358 1398 3419 mantuanam

296 3439 396 3486 Veteris
424 3452 473 3485 nura
499 3451 594 3498 porcus
620 3437 692 3485 aceti.
725 3438 808 3486 Homo
846 3439 926 3486 carru
964 3439 1054 3486 Albuti
1076 3438 1144 3485 aenis
1167 3451 1205 3498 aq.
1241 3435 1331 3484 Victus
1355 3450 1395 3483 aa·

257 3517 356 3566 sordide
373 3522 476 3571 avarus,
500 3516 544 3578 qui
567 3515 649 3564 oleum
675 3516 736 3564 adeo
756 3529 807 3564 eor·
848 3516 937 3578 plenus
957 3516 1005 3564 erit
1025 3516 1146 3571 mundus,
1168 3515 1214 3563 hoc
1234 3521 1284 3572 cst,
1305 3515 1396 3577 quiin

257 3603 361 3658 ruptum
378 3595 419 3644 vel
435 3595 552 3654 instillat,
569 3596 590 3644 is
601 3603 710 3653 acetum,
721 3611 807 3659 quam-
848 3601 964 3643 neutram
980 3603 1076 3657 partem
1093 3593 1213 3652 offendat,
1230 3608 1311 3657 noque
1321 3595 1396 3643 sordi-

256 3689 334 3738 quam
356 3681 441 3730 vetut,
462 3689 515 3722 non
538 3673 649 3722 effundit.
687 3673 743 3722 Hoc
765 3674 808 3722 ille
848 3673 895 3722 bus
910 3688 991 3737 neque
1006 3673 1083 3721 cultu.
1116 3673 1188 3734 Quae
1203 3674 1234 3721 de
1249 3673 1358 3722 Albutio
1372 3682 1398 3722 et

258 3754 334 3812 vidit,
350 3753 394 3816 qui
410 3753 437 3800 in
453 3753 491 3801 od.
508 3753 590 3802 Zarot
608 3754 675 3802 dedit
690 3769 740 3802 acu
757 3756 807 3802 lar·
848 3753 946 3802 Naevio
966 3752 1049 3811 addit,
1069 3768 1099 3802 ea
1119 3754 1243 3816 pertinent
1263 3755 1296 3801 ad
1316 3754 1397 3803 offitia

257 3848 311 3894 pua.
345 3832 495 3895 Legendnm
510 3840 583 3895 puto:
606 3835 696 3882 ceteris
712 3847 808 3895 quoque
848 3846 992 3891 sonorum,
1007 3831 1096 3895 quibus
1112 3833 1212 3895 sapiens
1228 3833 1350 3882 neeiuato
1360 3847 1397 3882 sc·

255 3925 352 3972 parcus
370 3913 443 3960 aceti.
477 3913 587 3960 Acetum
604 3920 674 3960 vetus
685 3913 736 3960 vim
748 3912 807 3960 ami-
849 3912 931 3960 verior
945 3926 992 3960 neo
1007 3912 1179 3974 indulgentior
1192 3913 1254 3971 crit,
1271 3913 1331 3960 dum
1343 3928 1397 3961 mu·

256 3989 298 4038 sit
333 3987 361 4038 Si
378 4003 438 4052 ergo
454 4005 546 4038 avarus
562 3993 700 4054 quantitate
712 3990 808 4054 supple
848 3991 890 4040 uia
905 3992 932 4039 in
947 3992 1113 4040 ministrando
1126 3990 1226 4039 obeunt.
1259 3991 1338 4039 Miser
1349 3991 1396 4040 Al·

258 4069 314 4125 bat,
332 4070 399 4132 quod
415 4071 499 4118 deerat
516 4070 646 4133 qualitate,
668 4069 694 4118 in
715 4084 745 4119 eo
761 4068 807 4118 sal·
848 4070 944 4124 budus,
961 4069 1100 4129 δύστηνος,
1112 4070 1396 4127 eratsaevus,Naevius

257 4155 309 4197 tem
325 4154 380 4196 erat
396 4147 510 4197 liberalis.
544 4148 586 4198 Sic
602 4148 808 4217 nonerunttales
848 4147 967 4210 simplex,
982 4163 1033 4210 quo
1050 4163 1152 4197 menam
1169 4148 1314 4210 praebente,
1330 4152 1396 4198 servi

257 4227 336 4275 avari.
849 4225 983 4282 faciebant,
1004 4229 1071 4289 quod
1095 4227 1200 4283 vellent,
1223 4228 1284 4274 adeo
1306 4235 1335 4275 ut
1355 4229 1396 4277 rel

292 4308 411 4355 Mundus
427 4309 490 4364 erit,
508 4310 552 4370 qui
567 4323 616 4357 non
632 4309 807 4370 offendatsor-
849 4322 939 4370 uquam
955 4307 1080 4354 sordidam
1099 4306 1211 4353 murivis
1228 4307 1283 4354 dari
1298 4307 1391 4356 sineret

257 4388 342 4434 didas,
375 4385 427 4434 Pro
451 4390 495 4448 qui
519 4389 544 4435 in
566 4387 713 4450 quibusdam
731 4386 807 4437 MSS.
849 4386 934 4434 Medio
966 4385 1016 4433 ibat
1051 4384 1094 4432 illc
1126 4385 1191 4456 apud
1223 4385 1308 4433 Plaut.
1337 4385 1395 4434 Mil.

257 4472 311 4512 erat
327 4482 391 4527 qua,
406 4469 577 4528 protumidas
598 4467 624 4514 in
637 4466 738 4514 vetustis
750 4466 808 4514 edit.
848 4466 900 4514 111.
923 4481 940 4515 r.
963 4466 1016 4514 150.
1054 4449 1194 4513 servientes
1214 4466 1335 4515 seruitute
1356 4482 1397 4528 epo
