3542 5634
668 486 850 549 LIBER
897 487 921 550 Ι.

266 674 377 758 thue
400 670 467 737 illis
491 670 597 734 multo
621 676 772 753 corrupta
795 670 905 734 dolore
929 670 1099 754 voluptas,

264 777 375 860 Atque
398 775 476 839 haec
500 795 589 855 rara,
614 774 710 838 cadat
733 773 814 838 dura
838 773 924 838 inter
947 795 1044 859 saepe
1067 773 1198 858 pericla.

264 879 330 944 Hic
354 900 388 943 se
411 877 624 962 praecipitem
647 881 733 941 tecto
757 875 863 954 dedit,
889 876 946 941 ille
969 875 1110 961 flagellis

262 982 316 1046 Ad
339 987 478 1046 mortem
502 1002 633 1058 caesus3
656 979 787 1064 fugiens
811 979 865 1044 hic
889 979 1011 1046 decidit
1034 1001 1140 1045 acrem

262 1084 468 1148 Praedonum
492 1083 528 1147 in
551 1084 699 1160 turbam3
724 1082 816 1147 dedit
838 1083 891 1147 hic
915 1104 973 1168 pro
997 1105 1130 1168 corpore
1153 1101 1325 1156 numm0s3

263 1187 362 1252 Hunc
384 1186 632 1271 perminxerunt
655 1187 783 1252 calones
790 1212 799 1263 ;
824 1186 904 1270 quin
928 1185 1027 1251 etiam
1050 1187 1135 1250 illud

258 1290 406 1372 Accidit,
431 1296 469 1354 ut
491 1289 621 1354 cuidar‘n
645 1294 745 1354 testes
769 1289 970 1375 caudamque
993 1289 1134 1354 salacem

260 1393 472 1458 Demeterent
493 1393 586 1458 ferm.
636 1394 757 1476 „Iure“
782 1414 913 1470 omues3
940 1392 1046 1458 Galba
1069 1392 1219 1476 negabat.

257 1495 370 1560 1111111
392 1502 427 1561 at
449 1501 573 1581 quanto
596 1518 689 1561 merx
712 1500 763 1560 est
786 1495 821 1559 in
846 1495 950 1560 classe
974 1495 1137 1577 secunda,

260 1596 503 1664 libertinarum
529 1599 602 1664 dico
614 1625 622 1676 ;
649 1598 828 1665 Sallustius
853 1598 887 1661 in
914 1620 995 1684 quas

213 1724 300 1773 ieetive
316 1741 362 1788 pro
378 1728 526 1784 arocchicra,
542 1733 669 1788 praeterea
680 1740 761 1774 emen·

211 1803 309 1851 darem:
324 1807 457 1865 procedere
472 1810 540 1854 reste
568 1806 621 1863 Qut
637 1807 763 1854 rnoeclrom

211 1896 264 1929 rem
289 1883 381 1940 vultis,
410 1887 440 1930 ul
468 1885 534 1930 ortui
556 1889 633 1944 parte
659 1885 761 1947 laboret.

804 1725 865 1784 thii,
877 1739 925 1787 pro
937 1727 1078 1774 demeteret.
1096 1724 1125 1774 si
1137 1723 1185 1772 hoc
1196 1723 1356 1779 servandum,

804 1803 903 1865 legatur
913 1804 1017 1874 serrum
1034 1818 1066 1852 ex
1084 1802 1160 1854 MSS.
1178 1801 1289 1865 Cruquii.
1308 1803 1354 1850 Sa·

805 1883 882 1930 lacem
906 1889 1084 1931 commentator
1105 1883 1280 1945 interpretatur
1300 1881 1355 1928 libi-

211 1960 331 2008 Desistite
353 1961 389 2007 rei
411 1967 463 2008 tam
479 1961 621 2024 desperatae
638 1961 721 2009 favere
738 1969 763 2010 et
804 1960 929 2019 dinosam,
954 1976 969 2008 a
995 1962 1106 2011 saliendo
1134 1962 1231 2010 dictam
1275 1961 1354 2016 Hinc,

210 2053 366 2088 succurrere:
377 2039 473 2088 laborat
484 2042 551 2088 omni
562 2047 639 2103 parte.
664 2040 696 2088 In
708 2043 760 2088 oul-

210 2119 246 2166 tr‘s
262 2118 360 2180 respicit
384 2117 530 2177 formulam,
555 2127 583 2166 111
608 2135 632 2166 v.
657 2133 678 2166 c.
703 2119 760 2167 Liv.

191 2195 301 2244 'XXIL
318 2197 358 2244 50.
393 2197 435 2245 lte
459 2212 566 2254 mecum,
590 2199 636 2260 qai
658 2203 684 2245 et
707 2212 760 2245 sos·

210 2281 261 2323 met
275 2280 301 2322 et
317 2277 496 2336 rempublicam
508 2278 604 2324 saluom
616 2276 700 2324 ouilia
718 2273 760 2323 Sic

209 2353 236 2400 in
254 2353 337 2403 Satira
352 2353 373 2401 I.
395 2367 413 2401 1.
450 2353 508 2403 Noa
524 2369 589 2402 uxor
612 2355 710 2402 solcum
735 2360 760 2402 te

208 2434 274 2480 cult.
307 2433 357 2480 Res
381 2434 496 2488 moecha,
519 2441 548 2482 ut
569 2447 608 2482 res
632 2434 757 2481 Romana.

208 2511 266 2560 Liv.
283 2510 388 2560 XXIII.
405 2524 435 2557 11.
468 2513 603 2575 Magisque
619 2517 758 2559 essentes-

208 2593 248 2639 tia
271 2593 413 2654 respublica
437 2595 522 2638 cosm
546 2591 613 2638 cobis
633 2590 757 2652 procedet.

208 2667 284 2718 Cato:
307 2671 350 2718 aot
371 2671 431 2718 baec
451 2683 491 2718 res
510 2673 564 2716 tam
579 2670 685 2716 secunde
698 2683 757 2730 pro·

207 2751 289 2796 cessit.
322 2749 365 2796 Ex
381 2765 410 2797 re
424 2747 486 2796 bene
503 2746 601 2794 ducitur
617 2747 678 2794 illis.

245 2829 329 2889 thue
353 2829 407 2876 illis
429 2829 508 2875 oculto
531 2830 652 2886 corrupta
674 2826 757 2874 dolore

206 2906 324 2967 uoluptas
340 2908 425 2969 Atque
442 2907 501 2954 baec
517 2917 581 2950 rara
595 2905 672 2951 cadat
688 2904 756 2951 dura

206 2985 274 3032 iuter
290 2999 363 3046 saepe
385 2985 489 3046 pericla.
523 2981 579 3029 Hoc
603 2987 652 3028 est:
677 2987 755 3043 utque

205 3062 255 3110 illis
280 3063 379 3111 eveniat
403 3061 518 3122 voluptas
539 3065 655 3121 corrupta
676 3058 755 3107 multo

151 3131 154 3138 ’
205 3143 302 3199 dolore,
319 3148 393 3204 atque
409 3141 470 3189 haec
485 3138 539 3199 ipsa
556 3137 669 3199 voluptas
685 3151 755 3197 rara,

204 3228 229 3269 et
246 3235 319 3284 saepe
335 3221 400 3268 inter
421 3221 484 3266 dura
503 3215 625 3279 pericula,
648 3216 753 3266 eveniat.

205 3299 263 3361 Quo
279 3299 373 3358 rarius,
388 3306 461 3362 puto,
477 3297 551 3345 alicui
567 3297 680 3360 voluptas
697 3313 752 3347 con·

204 3378 299 3441 tingat,
323 3393 378 3426 cum
404 3380 482 3426 multo
506 3377 590 3426 dolore
610 3378 752 3436 coniuncta,

204 3464 229 3505 et
245 3458 309 3507 inter
325 3459 388 3506 dura
402 3457 524 3521 pericula,
540 3470 569 3504 1ο
580 3455 675 3504 melius.
692 3456 752 3504 For·

203 3544 269 3586 tasse
284 3537 431 3600 legendum:
453 3538 539 3597 thue
555 3535 609 3582 illis
618 3535 689 3582 rullo
700 3550 752 3583 cor·

203 3622 284 3678 rupto
308 3617 391 3663 dolore
414 3616 532 3676 voluptas
561 3615 638 3661 Rara
661 3615 750 3671 cadat,

203 3699 281 3756 atque
301 3695 362 3741 traco
383 3694 451 3740 dura
472 3694 541 3740 iuter
557 3707 631 3754 saepe
645 3693 750 3754 pericla.

203 3771 272 3820 Raro
292 3771 408 3820 fruuntur
432 3771 557 3834 voluptate
578 3770 648 3820 nullo
668 3771 751 3819 dolore

203 3858 331 3914 corrupta3
353 3853 375 3900 si
397 3852 531 3909 fruuntur,
555 3850 700 3912 plerumque
721 3849 751 3897 fu

202 3929 268 3978 inter
283 3931 346 3978 dura
361 3930 477 3994 pericula,
512 3932 619 3979 Dolores
640 3936 665 3977 11
685 3932 751 3991 peri-

202 4012 275 4068 cula,
291 4023 331 4057 res
348 4010 474 4067 diversae,
490 4009 517 4056 in
533 4023 569 4073 sq.
587 4007 751 4070 explicantur.

202 4087 332 4137 Vocabuls
348 4089 375 4136 in
391 4088 480 4138 Satiris
490 4088 582 4137 centies
593 4087 659 4136 male
670 4095 750 4136 trans-

201 4167 282 4230 posita
291 4173 357 4216 sunt.
383 4166 461 4216 Codd.
473 4167 548 4217 MSS.
561 4173 690 4216 testantur.
707 4166 750 4215 Li-

202 4244 278 4293 brarii
294 4259 367 4308 saepe
382 4246 589 4306 transponebant,
605 4246 627 4292 si
643 4252 751 4293 metrum

201 4338 253 4372 uon
269 4332 380 4372 constare
396 4323 539 4373 iudicarent.

242 4403 406 4466 Coudamque
438 4402 546 4453 sulacem
592 4405 752 4454 Deraelercul

195 4481 277 4543 ferro.
304 4481 345 4530 Ita
355 4483 488 4545 legendum
500 4497 532 4531 ex
544 4482 683 4531 coniectura
690 4484 751 4531 Bar·

803 2039 889 2096 credo,
907 2041 1069 2103 compositum
1086 2042 1255 2104 salaputium,
1267 2045 1292 2086 et
1303 2043 1366 2086 cor-'

804 2117 860 2179 rigo
876 2118 977 2168 Sueten.
996 2117 1095 2167 Caesar.
1113 2120 1154 2167 59.
1189 2117 1353 2180 Despeclissi-

803 2211 872 2244 mum
889 2199 1012 2259 quendam
1024 2211 1055 2244 ea·
1069 2197 1242 2246 Corneliorum
1254 2210 1353 2258 perere,

802 2271 845 2324 oui
861 2277 896 2324 ad
911 2276 1073 2337 opprobrium
1089 2276 1158 2323 citae
1175 2275 1304 2323 solutioni
1315 2289 1352 2324 co-

802 2369 905 2416 paomea
921 2359 990 2409 crat,
1007 2355 1036 2400 iu
1052 2355 1142 2402 raum
1157 2368 1239 2403 secum
1256 2355 1352 2402 habuit.

802 2431 1354 2496 Suetoniusscripsissevidetur:Salaputioar'.

801 2511 938 2574 Saloputio
954 2515 991 2558 est
1002 2513 1077 2559 salac
1085 2518 1177 2575 putus,
1186 2514 1262 2574 putto
1272 2511 1353 2560 forma

800 2590 957 2649 diminutiva,
967 2589 1117 2652 superlativo
1127 2605 1187 2638 usus
1203 2597 1240 2638 est
1249 2591 1350 2653 Augus-

799 2675 852 2728 tus,
861 2669 987 2733 appellans
996 2670 1128 2718 Horatium
1134 2671 1299 2732 putissimum
1310 2685 1351 2732 pe·

798 2764 869 2809 nem,
887 2758 915 2799 111
932 2757 1017 2799 narrat
1034 2748 1136 2798 Sueten.
1158 2749 1184 2796 in
1201 2749 1254 2798 rita
1270 2749 1349 2798 Hora-

799 2829 836 2876 tii.
870 2829 1003 2879 Caeterum
1024 2828 1181 2878 conferantur
1203 2828 1348 2892 interpretes

798 2909 837 2955 ad.
855 2908 871 2956 l.
889 2907 906 2955 l.
929 2907 1053 2965 Suetonii,
1075 2906 1220 2969 praesertim
1238 2906 1349 2970 Scaliger

798 2990 823 3032 et
839 2987 1000 3034 Burmannus
1016 2987 1043 3033 in
1061 2984 1165 3033 Anthol.
1181 2985 1272 3034 Latina
1284 2987 1314 3035 T.
1327 2987 1353 3035 1.

797 3077 820 3124 p.
837 3064 894 3116 676.

831 3143 927 3198 „lurc“
944 3156 1033 3190 omues.
1057 3141 1098 3189 Ita
1114 3142 1164 3189 iam
1181 3147 1247 3189 recte
1260 3142 1346 3190 distin·

796 3219 890 3281 guitur.
909 3219 963 3268 Alii
974 3234 1025 3268 non
1033 3227 1110 3268 recte:
1122 3222 1177 3268 lure
1185 3235 1275 3269 11111111.
1287 3219 1349 3268 Pari

796 3299 869 3347 modo
885 3299 912 3346 in
928 3305 1016 3347 senatu
1032 3313 1071 3348 res
1088 3313 1160 3362 saepe
1175 3313 1219 3361 per
1231 3298 1347 3348 acclama

795 3378 889 3426 tionem
905 3377 1104 3428 conficiebantur.
1138 3377 1244 3428 Trebell.
1265 3377 1347 3427 Pollio

795 3455 823 3502 in
831 3455 968 3504 Valeriano
980 3458 1002 3506 1.
1032 3460 1104 3516 Quae
1115 3472 1192 3520 quum
1204 3463 1348 3506 1111111111-

794 3535 853 3595 pius
868 3536 1123 3592 accomodaremus:
1141 3537 1242 3587 Omnes.
1262 3539 1347 3600 Atque

794 3613 834 3660 ita
850 3614 982 3662 discessum
999 3622 1042 3664 est.
1069 3616 1135 3664 Vide
1152 3616 1259 3666 Oasaub.
1284 3615 1344 3685 Qm'·

794 3704 837 3738 nes
853 3690 895 3739 hic
911 3693 1107 3754 consentiebant,
1123 3694 1190 3743 solus
1203 3695 1283 3745 Galba
1294 3696 1343 3744 dis·

793 3771 921 3818 sentiebat.

835 3852 1027 3900 Litcrtluorum
1052 3855 1121 3911 dico3
1148 3852 1291 3900 Sallustius
1316 3855 1343 3901 in

793 3943 856 3990 quos
882 3931 940 3978 Non
957 3931 1039 3978 miuus
1055 3932 1159 3978 insanit.
1194 3929 1298 3988 Melius,
1314 3932 1341 3978 ni

793 4008 875 4057 fallor:
895 4009 1006 4067 „Tutior
1023 4015 1052 4057 at
1069 4013 1162 4071 quoulo
1179 4023 1250 4056 mma
1266 4015 1303 4057 est
1315 4011 1342 4056 ia

793 4089 871 4136 classe
893 4088 1013 4142 secunda,
1032 4087 1254 4136 Libertirsarum:“
1280 4087 1344 4135 dicit

794 4167 947 4221 Sallustius,
963 4167 992 4212 la
1009 4179 1072 4227 qaas
1100 4167 1160 4214 Nou
1176 4167 1258 4214 misus
1274 4167 1342 4212 iaso-

792 4248 839 4293 ult.
874 4244 907 4292 In
924 4243 1001 4292 classe
1017 4246 1136 4304 secunda,
1153 4246 1200 4293 hoc
1216 4250 1253 4292 est
1268 4243 1340 4291 liber-

792 4324 915 4383 tinarum,
942 4323 1001 4372 dicit
1029 4323 1177 4382 Sallustius,
1205 4337 1277 4372 merx
1305 4329 1341 4371 est

792 4403 870 4451 multo
886 4404 970 4452 tutior.
1006 4404 1068 4452 Tria
1083 4411 1208 4466 ponuntur
1224 4402 1340 4466 exempla

793 4483 868 4530 trium
905 4483 1097 4532 sententiarum:
1135 4481 1287 4546 Cupiennius
1316 4490 1339 4528 et

1155 4564 1201 4626 ,r
