3542 5634
666 525 844 588 LIBER
890 525 932 588 II.

276 712 421 777 Heredes
446 712 573 778 Staberi
596 734 757 778 summam
781 712 923 777 incidere
946 711 1107 796 sepulcr03

274 814 321 877 Ni
345 815 391 879 sic
414 814 584 898 fecissent,
608 815 827 900 gladiatorum
850 815 926 880 dare
949 820 1079 879 centum

214 999 219 1010 ⁸
276 918 436 984 Damnati
458 919 578 1005 populo
601 921 692 1005 paria
714 925 811 1005 atque
835 920 969 1004 epulum
991 917 1124 983 arbitrio
1147 918 1239 998 Arri,

261 1021 449 1087 'Frumenti
471 1030 631 1108 quantum
653 1024 750 1089 metit
773 1023 893 1088 Africa
942 1023 1042 1106 „Sive
1064 1043 1125 1107 ego
1146 1043 1245 1107 prave

276 1124 367 1206 „Seu
389 1132 493 1208 recte,
518 1127 709 1202 hooffivolui:
734 1149 775 1192 ne
798 1127 843 1192 sis
866 1131 1002 1212 patruus
1026 1112 1149 1190 minir‘
1196 1124 1299 1190 Credo

277 1227 360 1293 Hoe—
375 1229 501 1294 Staberi
523 1231 718 1315 prudentem
742 1230 890 1295 animum
912 1229 1042 1295 vidisse.
1091 1228 1178 1308 Quid
1200 1249 1276 1312 ergo

277 1330 408 1415 Sensit,
433 1355 534 1419 quum
558 1357 721 1400 summam
744 1334 923 1420 patrimoni
945 1333 1128 1418 insculpere
1151 1353 1230 1397 saxo

275 1433 420 1500 Heredes
444 1437 567 1501 voluit?
613 1438 726 1518 Quoad
748 1438 849 1521 vixit,
873 1437 1011 1503 credidit
1033 1437 1148 1521 ingens

276 1538 470 1624 Pauperiem
493 1541 612 1606 vitium
635 1547 669 1607 et
691 1542 778 1607 eavit
801 1542 885 1607 nihil
909 1541 1032 1623 acrius,
1057 1546 1115 1623 ut,
1140 1541 1169 1605 si

276 1639 376 1706 Forte
398 1643 508 1708 minus
531 1644 676 1731 locuples
700 1668 765 1711 uno
788 1646 968 1732 quadrante
989 1644 1145 1730 perisset,

275 1745 353 1829 lpse
376 1746 538 1846 videretur
561 1748 624 1814 sibi
647 1748 803 1834 nequior3
828 1749 936 1814 omnis
960 1748 1048 1813 enim
1071 1769 1140 1830 res,

274 1849 411 1933 Virtus,
434 1850 540 1935 fama,
566 1853 681 1936 decus,
707 1854 819 1919 divina
841 1853 1049 1938 humanaque
1070 1851 1216 1937 pulchris

276 1951 413 2018 Divitiis
436 1961 570 2039 parent3
595 1978 675 2042 quas
699 1957 756 2042 qui
779 1956 1013 2039 construxerit,
1037 1955 1094 2020 ille

278 2055 394 2122 Clarus
419 2058 495 2140 erit,
519 2059 631 2142 fortis,
656 2060 781 2142 iustus,
806 2061 936 2144 sapiens
961 2059 1079 2141 etiam,
1104 2065 1138 2123 et
1159 2079 1216 2123 rex

277 2160 324 2223 Et
347 2161 505 2246 quidquid
527 2163 623 2229 volet.
673 2165 761 2246 Hoc,
787 2164 890 2229 veluti
913 2163 1034 2227 virtute
1059 2166 1225 2246 paratum,

277 2264 429 2350 Speravit
450 2270 589 2352 magnae
611 2267 702 2333 laudi
725 2269 801 2334 fore.
851 2267 938 2347 Quid
961 2266 1069 2331 simile
1092 2264 1149 2330 isti

229 2394 309 2442 stinet
325 2408 426 2468 onlnem.
460 2394 540 2456 Quale
557 2397 605 2445 hoe
621 2405 658 2446 est
674 2398 776 2460 asynde·
818 2405 869 2445 tem
897 2394 987 2458 populo
1015 2409 1148 2444 cessuram.
1186 2395 1256 2452 Hoc,
1280 2393 1364 2447 eredo,

229 2479 287 2531 ton,
309 2473 358 2520 tale
380 2473 424 2520 vix
440 2476 505 2536 apud
522 2477 655 2525 Horatium
671 2477 777 2526 inveniri

229 2560 303 2614 putat
320 2553 468 2602 Meinekius.
486 2553 603 2604 Coniicit:
621 2572 665 2606 nec
681 2559 738 2607 ecio.

270 2633 405 2681 Frumenti
431 2641 554 2695 quantum
580 2639 652 2685 metit
680 2635 779 2699 Africa.

230 2710 342 2773 Legem:
355 2711 484 2762 Frumenti
493 2719 655 2776 etquantam.
672 2713 780 2764 Centum

229 2793 318 2852 paria,
334 2801 406 2856 atque
423 2794 538 2856 epulum,
555 2793 719 2880 frumentpm,
730 2809 780 2843 non

231 2877 299 2918 recte
316 2873 463 2934 procedunt,
485 2872 532 2919 nisi
549 2875 649 2935 οριιὶιιὶη
666 2874 780 2922 consiste-

230 2956 269 2996 ret
287 2950 398 2998 inomni
416 2949 538 2997 frumento
563 2951 671 2999 Africae.
704 2953 780 3000 Bent-

229 3027 296 3076 leius
313 3027 363 3074 iam
385 3033 410 3075 et
432 3026 587 3075 inferendum
604 3028 716 3090 putabat,
739 3031 781 3076 sed

229 3112 289 3170 post
316 3105 388 3153 Arri.
424 3105 532 3154 Facilius
560 3107 673 3155 excidere
702 3109 781 3169 potuit

230 3191 289 3246 post
305 3183 419 3233 ultimam
438 3185 464 3232 in
478 3185 611 3246 frumenti.

267 3262 349 3311 Credo
369 3266 423 3314 Hoc
441 3265 543 3314 Staberi
558 3268 707 3328 prudeutern
728 3268 782 3314 ani-

232 3359 303 3391 mum
320 3344 415 3393 uidisse.
449 3343 516 3405 Quid
532 3345 594 3392 vidit
610 3346 717 3407 prudens
729 3344 782 3394 Sta-

232 3421 332 3470 beriusi
365 3423 533 3487 Respondent:
552 3439 577 3472 se
594 3424 625 3471 ab
640 3424 783 3472 haeredibus

233 3515 279 3563 pro
295 3501 381 3550 insano
398 3503 549 3558 habendum,
570 3503 620 3560 vel,
643 3517 699 3550 eum
721 3502 783 3550 arbi-

233 3587 286 3628 tror
302 3582 452 3644 praevidisse
469 3582 520 3630 fore
537 3587 565 3630 ut
582 3596 704 3629 summam
721 3596 781 3629 saxo

233 3657 341 3707 incidere
349 3667 502 3717 recusarent,
514 3666 639 3724 tamquam
649 3676 724 3725 prave
735 3663 783 3710 ius·

233 3753 298 3786 sum.
332 3741 455 3788 Neutrum
477 3741 536 3788 satis
559 3743 695 3790 sententiae
726 3756 782 3790 con-

236 3817 316 3876 venit,
333 3832 378 3866 nec
389 3819 503 3867 Lambini
514 3821 616 3870 iussisse
627 3821 667 3869 vel
678 3824 784 3870 columae

236 3910 288 3944 rem
306 3899 412 3960 expedit.
446 3899 537 3946 Manus
559 3900 657 3948 Horatii
673 3901 782 3948 ridetur:

237 3976 295 4024 Hoc
321 3978 423 4025 Staberi
437 3981 587 4039 prudentem
611 3981 722 4028 animum
744 3996 782 4028 ca-

236 4055 306 4102 rneae.
342 4055 477 4119 scripserat
499 4058 524 4105 in
545 4064 704 4115 testamento,
726 4059 782 4108 hae·

236 4134 305 4182 redes
327 4149 450 4184 summam
466 4138 492 4185 in
508 4137 620 4200 sepulcro
636 4139 782 4199 inciderent,

238 4225 282 4260 uec
303 4221 431 4277 propterea
453 4216 522 4264 istius
549 4215 681 4265 voluntatis
705 4219 783 4266 severi

238 4299 318 4341 essent
334 4308 454 4344 censores.
488 4297 528 4344 Ne
539 4304 632 4356 essent,
646 4296 681 4345 ait
691 4298 783 4346 Dama·

238 4373 333 4436 sippus‚
351 4375 458 4436 prudens
475 4375 601 4425 Staberius
619 4376 695 4438 probe
713 4392 782 4426 cave-

238 4459 290 4512 rat,
306 4453 388 4502 addita
405 4455 477 4519 lege,
494 4457 515 4504 si
531 4457 616 4518 inique
627 4454 730 4506 ferentes
742 4472 783 4506 ne-

240 4531 371 4594 gligerent,
395 4535 529 4584 maximam
552 4535 706 4585 haereditetis
728 4553 782 4599 par-

819 2490 888 2524 meus
904 2474 1008 2537 provida
1024 2473 1129 2523 Staberii
1145 2481 1257 2529 caverat,
1275 2479 1304 2520 ut
1314 2473 1364 2521 Ho-

820 2561 866 2602 rat.
888 2552 972 2602 Canu.
992 2552 1044 2601 111.
1068 2568 1091 2600 v.
1116 2553 1154 2600 13.
1188 2553 1245 2600 Hoc
1264 2555 1366 2599 cavant

821 2647 890 2682 mene
906 2633 1013 2694 merida
1034 2632 1135 2694 Repuli.
1169 2627 1303 2692 Proprium
1322 2642 1365 2675 au-

820 2720 871 2761 tem
887 2711 915 2758 in
931 2716 1077 2760 testamento
1092 2717 1130 2758 est
1144 2725 1238 2760 cavae.
1265 2707 1366 2757 Sueten.

822 2792 932 2854 August.
949 2792 988 2840 59.
1023 2790 1147 2838 Nonnulli
1165 2794 1272 2852 patrum
1286 2786 1367 2850 sami·

821 2875 916 2921 tiaram
928 2875 1075 2921 testamento
1085 2876 1218 2931 comunt,
1229 2873 1260 2917 ut
1270 2869 1302 2918 ab
1313 2870 1368 2916 bae·

822 2952 925 3000 redibas
946 2952 1000 3000 suia
1017 2951 1134 3012 mactato
1148 2951 1264 2998 menae
1279 2949 1368 3007 titula

822 3029 851 3076 in
870 3029 1025 3091 Capitolium
1041 3030 1198 3076 ducerentur.

860 3107 932 3164 Quid
945 3109 1027 3155 umile
1042 3108 1087 3154 itti
1122 3108 1234 3154 Graecia
1255 3107 1368 3168 Aristip-

823 3199 879 3246 pus.
913 3184 1080 3246 Philosophus
1096 3189 1179 3232 noster
1194 3184 1243 3231 duo
1254 3183 1370 3246 exempla

823 3270 960 3325 comparat,
984 3261 1091 3313 Staberii
1112 3269 1136 3310 et
1157 3261 1286 3325 Aristippi.
1320 3261 1370 3310 ille

824 3359 914 3392 aurum
930 3350 1010 3402 emat,
1032 3343 1072 3390 hic
1092 3342 1193 3405 spernit.
1225 3343 1280 3390 Iam
1302 3343 1369 3391 Lati·

824 3439 884 3472 num
896 3414 945 3472 est:
958 3423 1085 3473 Staberius
1096 3423 1217 3481 eomedit,
1228 3422 1370 3485 Aristippus

824 3511 911 3553 contra
926 3503 1030 3567 proiicit.
1063 3503 1207 3565 Aristippus
1230 3501 1256 3548 in
1277 3515 1304 3549 re
1323 3501 1371 3548 ista

824 3600 875 3633 non
886 3585 966 3633 simile
974 3583 1087 3635 Staberio
1098 3583 1162 3640 iecit,
1174 3582 1231 3631 feeit
1241 3580 1370 3638 dissimile,

824 3666 870 3714 fuit
886 3665 925 3714 illi
941 3664 1075 3714 dissimilis.
1108 3664 1157 3713 Hic
1176 3664 1258 3725 inepta
1279 3668 1316 3710 est
1331 3661 1369 3709 in-

825 3745 970 3808 terrogatio:
990 3746 1062 3803 Quid
1076 3741 1252 3805 simileseeit?
1285 3740 1371 3790 Unum

829 3823 923 3886 aliquid
939 3829 1094 3886 eomparatur
1111 3837 1167 3871 cum
1183 3835 1233 3869 una
1244 3820 1325 3883 aliquo
1335 3820 1371 3868 fs-

825 3911 879 3952 cto:
897 3905 960 3965 quid
974 3905 1055 3952 simile
1070 3902 1143 3964 plura
1160 3902 1223 3950 facta
1233 3901 1309 3963 ponit.
1332 3900 1373 3948 Ita

826 3999 849 4030 v.
868 3997 887 4030 c.
905 3983 931 4029 in
948 3996 1022 4030 versu
1043 3981 1109 4043 apud
1131 3978 1275 4029 Ciceronem
1297 3979 1371 4027 Tusa.

825 4063 896 4125 Disp.
913 4063 949 4110 11.
968 4064 1005 4110 15.
1036 4062 1111 4120 Quod
1131 4060 1281 4122 Spartiatae
1295 4060 1373 4107 amm

824 4143 851 4190 in
861 4143 976 4204 seminas
992 4141 1194 4197 transtulerunt,
1215 4153 1280 4200 quae
1295 4142 1372 4186 caete-

823 4222 861 4268 ris
877 4223 906 4268 in
922 4221 1026 4268 arbitrus
1042 4211 1186 4267 mellanno
1197 4219 1281 4275 cultu,
1289 4217 1372 4279 parte

824 4307 878 4348 tum
896 4300 991 4347 umbris
1007 4299 1169 4347 occuluntur:
1186 4299 1228 4345 illi
1238 4302 1372 4345 autemus

824 4381 928 4428 iuuant
949 4379 1013 4427 nibil
1036 4378 1124 4426 horum
1140 4377 1221 4426 simile
1236 4390 1288 4425 esee
1304 4377 1375 4438 apud

825 4461 955 4508 Lacaenae
969 4458 1077 4520 cirpines
1093 4472 1128 4520 sq.
1162 4456 1232 4504 Idem
1254 4462 1320 4503 recte
1334 4453 1370 4502 ei-

826 4537 945 4586 ferretur:
971 4540 1033 4600 quid
1054 4538 1136 4586 simile
1165 4551 1217 4584 esee
1241 4537 1373 4584 voluerum
1466 4539 1473 4552 ¹

1192 4619 1240 4685 gii·
