3542 5634
646 533 828 598 LIBER
875 533 918 598 ΙΙ.

1283 531 1344 594 151

268 725 447 790 Η1111111“
469 725 497 789 si
514 723 601 810 quod
622 724 730 806 adest,
746 729 878 808 gratum
895 722 1003 786 iuvat:
1023 723 1083 785 hae
1097 742 1191 806 prece
1206 725 1239 786 te
1259 742 1330 786 oro:

267 829 394 914 Pingue
416 849 513 913 pecus
537 827 669 893 domino
692 825 792 892 facias
816 831 848 892 et
872 830 977 890 cetera
1001 830 1138 914 praeter·

268 931 457 1018 Ingenium3
475 935 577 1016 utque
600 931 700 1013 soles,
725 933 835 994 custos
858 929 941 993 mihi
964 928 1128 993 maximus
1151 927 1256 993 adsis!

265 1037 354 1121 Ergo
377 1035 433 1100 ubi
455 1057 508 1100 me
532 1034 566 1098 in
590 1041 718 1099 montes
745 1039 778 1098 et
804 1033 839 1098 in
863 1055 969 1098 arcem
992 1055 1033 1097 ex
1054 1033 1131 1098 urbe
1153 1030 1294 1113 removi,
1335 1044 1343 1071 ¹

267 1139 353 1220 Quid
374 1139 464 1225 prius
490 1138 652 1204 illustrem
678 1138 786 1203 satiris
811 1139 971 1224 Musaque
989 1136 1153 1222 pedestri?

266 1244 334 1308 Nec
353 1243 441 1307 mala
463 1263 516 1308 me
540 1243 676 1308 ambitio
699 1242 806 1328 perdit
827 1264 886 1307 nec
909 1241 1082 1327 plumbeus
1105 1245 1214 1305 auster

267 1347 520 1430 Autumnusque
540 1345 668 1432 gravis,
694 1345 858 1411 Libitinae
880 1350 1035 1431 quaestus
1058 1344 1198 1409 acerbae.

266 1451 430 1516 Matutine
450 1456 558 1536 pater,
583 1473 640 1516 seu
663 1451 741 1516 Iane
762 1451 919 1516 libentius
943 1451 1054 1533 audie,

266 1554 362 1620 Unde
385 1553 534 1618 homines
558 1574 692 1639 operum
714 1553 837 1638 primos
860 1554 1012 1640 vitaeque
1035 1553 1160 1618 labores

267 1656 467 1738 instituunt,
492 1657 538 1722 sio
561 1657 611 1722 dis
634 1657 810 1741 placitum,
835 1662 872 1721 tu
896 1656 1048 1723 carminis
1072 1661 1142 1722 esto

221 1849 294 1898 quem
306 1840 427 1892 araverat,
438 1834 494 1881 dein
503 1833 574 1880 illum
585 1834 666 1896 ipsum
676 1847 764 1894 agrum

221 1914 336 1962 thesauro
351 1914 452 1961 invento
467 1919 589 1960 mercatus
606 1911 710 1959 aravit.“

255 1995 316 2040 Hac
334 2008 407 2056 precs
428 1999 453 2040 11
473 2007 523 2041 cro.
557 1990 638 2054 Supra
654 1989 765 2038 dixerat:

222 2071 286 2120 nihil
296 2086 413 2129 veneror,
430 2086 474 2120 oro
491 2072 591 2129 baum,
607 2068 727 2131 angulum
735 2067 766 2116 is-

221 2161 276 2201 tum
293 2153 360 2214 agri,
384 2165 472 2200 urnam
490 2149 596 2214 argenti:
619 2161 685 2195 1111
707 2147 765 2195 dicit

221 2234 283 2296 quid
304 2239 449 2288 veneratur,
475 2232 612 2292 11111111.
646 2226 698 2277 Cur
720 2228 767 2276 bac

220 2325 308 2372 prece,
332 2325 377 2358 nec
400 2309 480 2374 potius
507 2311 551 2357 boc
570 2321 643 2370 prece
664 2312 690 2354 te
709 2307 766 2354 oro?

222 2389 341 2438 manum
358 2396 406 2438 est:
424 2395 500 2437 orote
511 2402 590 2449 prece,
605 2400 652 2448 per
662 2398 766 2446 precem.

256 2471 295 2517 Et
312 2475 410 2518 caetera
426 2472 528 2530 praeter
561 2466 702 2527 [rependum.
728 2463 767 2512 Io-

222 2562 267 2595 cus
283 2555 308 2596 et
323 2549 392 2597 lusus
409 2546 548 2596 simillimus
571 2546 597 2592 in
614 2543 693 2591 verbis
711 2542 767 2590 Tri·

222 2628 369 2677 malchionis
395 2627 460 2690 apud
487 2625 633 2674 Petronium
648 2623 688 2674 70.
721 2623 768 2670 Itu

223 2722 334 2757 erescmn
347 2705 515 2770 patrimonio,
536 2719 585 2752 uon
605 2717 720 2764 corpore,
738 2707 768 2749 ut

223 2790 277 2836 ista
293 2803 364 2838 cocus
380 2801 449 2835 mass
466 2787 496 2834 da
511 2799 586 2847 parco
594 2784 670 2842 fecit.

258 2869 329 2930 Erpa
340 2869 383 2915 ubi
390 2882 427 2915 me
438 2869 466 2913 iu
474 2870 567 2912 montes
576 2869 601 2912 et
609 2863 636 2910 in
646 2877 729 2911 arcem
738 2877 768 2910 ea

224 2941 768 3008 urbereeepi.Fortassahaudpeiusziumou·

225 3034 272 3086 tes,
280 3031 310 3074 ut
318 3027 346 3073 iu
354 3039 446 3082 urcem,
454 3038 485 3070 11
491 3023 648 3081 urberecepi.
659 3018 771 3066 Nimium

225 3107 337 3160 videtur,
355 3104 469 3150 villulam
478 3099 614 3164 appellasse
631 3112 720 3146 arcera.
737 3096 769 3145 In

224 3198 288 3248 apro
304 3188 329 3228 et
345 3181 468 3228 montibus
485 3177 571 3226 villula
587 3175 662 3225 simul
677 3176 770 3238 cogita-

224 3272 275 3312 tur.
292 3259 328 3308 Hi
339 3264 409 3307 erant
420 3273 465 3321 pro
476 3274 545 3316 arce,
562 3258 593 3305 ad
605 3256 769 3304 defendendas

224 3339 364 3399 molestias,
381 3341 476 3404 τειχίον
493 3339 656 3395 Socraticum,
674 3338 704 3384 de
721 3351 770 3398 quo

226 3439 252 3472 v.
269 3436 289 3471 e.
308 3421 413 3470 Maxim.
430 3421 522 3483 Tyrius
539 3419 644 3468 Dissert.
661 3419 695 3466 V.
718 3418 770 3466 Ho-

227 3501 305 3550 ratius
322 3515 355 3550 ex
366 3501 501 3558 montibus,
518 3499 589 3563 quasi
609 3497 702 3560 templo
719 3497 770 3545 Lu-

228 3581 350 3639 11111111,
376 3579 523 3642 despiciebat
549 3577 608 3626 alios
631 3577 720 3626 misere
744 3577 771 3624 in

229 3660 289 3708 urbe
309 3659 428 3722 palantes.
469 3658 585 3706 Notanda
610 3670 672 3720 quae
699 3655 772 3706 habet

229 3739 382 3802 Porphyrio:
408 3737 493 3797 „Belle
510 3737 587 3795 dixit,
603 3737 672 3785 velut
688 3752 735 3785 rex
746 3738 771 3784 in

152 3819 153 3822 ’
230 3818 320 3867 villula
336 3832 391 3866 mea
408 3817 476 3865 velut
487 3817 513 3864 in
524 3830 581 3864 arce
591 3816 685 3878 positus
695 3830 771 3875 cram,

231 3897 272 3947 vel
288 3898 355 3956 ideo,
372 3897 431 3959 quia
446 3897 474 3946 in
490 3883 573 3944 molire
589 3895 668 3959 posita
685 3900 747 3944 est.“

267 3979 336 4036 Quid
349 3978 424 4039 prius
439 3979 564 4024 illustrem
579 3978 668 4024 satiris
682 3976 715 4022 M
716 3990 772 4023 usa·

231 4073 279 4121 que
293 4059 420 4119 pedestri?
444 4057 541 4106 Versus
558 4069 625 4104 nunc
641 4055 772 4113 obscurus,

232 4149 257 4186 et
272 4137 407 4185 orationem
428 4137 493 4184 male
514 4134 679 4199 interpellans.
713 4135 773 4186 Om-

142 4235 144 4240 ’
232 4219 276 4266 111
296 4223 354 4264 sunt
376 4216 497 4275 faciliora,
518 4217 565 4264 hoc
587 4215 672 4264 ordine
697 4215 773 4264 lecta:

234 4300 305 4361 Erpa
316 4298 359 4346 ubi
375 4313 413 4346 me
429 4298 558 4344 inurentes
569 4296 629 4344 etis
645 4309 728 4344 arcem
744 4311 775 4345 11

233 4380 295 4426 urbe
310 4377 416 4435 removi,
444 4377 497 4424 Nec
519 4375 588 4423 mala
612 4389 650 4422 me
674 4375 776 4422 ambitio

232 4457 331 4520 perdit,
347 4471 392 4506 uec
401 4457 531 4519 plumbeus
542 4459 628 4503 auster
653 4455 775 4502 ductum-

236 4551 330 4599 susque
341 4538 431 4599 911111,
443 4537 573 4586 Libitinae
579 4540 700 4598 quaestus
708 4549 775 4584 accr-

805 1835 857 1892 bce,
878 1835 950 1892 Quid
956 1836 1031 1896 prius
1045 1836 1172 1882 illustrem
1182 1833 1279 1882 Satiris
1291 1835 1349 1880 Mu·

805 1927 879 1975 saque
893 1916 1021 1975 pedestri?
1052 1912 1138 1974 Quum
1159 1927 1200 1960 me
1221 1912 1297 1976 igitur
1318 1926 1350 1959 ex

805 1991 865 2040 urbe
890 1993 917 2040 in
933 2007 1022 2056 agrum
1042 1992 1154 2050 removi,
1179 1997 1208 2038 ut
1228 2005 1349 2039 111111-

805 2071 884 2129 movi,
912 2078 936 2120 et
952 2087 992 2119 me
1014 2076 1071 2119 nee·
1080 2071 1181 2119 ambitio
1198 2084 1245 2118 uec
1268 2077 1351 2119 auster

806 2165 851 2198 nec
868 2158 1029 2208 auctumnus,
1057 2158 1085 2199 ut
1101 2152 1207 2208 Romae,
1232 2151 1351 2213 perdunt,

806 2231 872 2292 quod
889 2238 1063 2294 argumentum
1089 2232 1115 2279 in
1133 2229 1220 2280 Satiris
1238 2231 1305 2292 prius
1321 2231 1351 2279 il·

808 2311 926 2370 lustrem,
943 2325 1018 2374 quam
1035 2309 1190 2358 incommoda
1202 2308 1285 2357 urbis?
1303 2308 1350 2359 Or·
1390 2341 1395 2350 ·

807 2391 861 2438 diar
877 2391 908 2439 ab
920 2391 1004 2448 initio,
1015 2397 1039 2438 et
1051 2388 1191 2452 explicabo,
1204 2396 1264 2451 quot
1274 2403 1350 2452 quan-

807 2477 847 2518 tae
863 2470 989 2519 molestiae
1013 2484 1054 2517 me
1075 2470 1124 2516 ism
1148 2468 1198 2516 lere
1214 2468 1246 2515 ab
1263 2476 1351 2518 exorto

807 2550 857 2598 sole
882 2550 977 2598 Romae
1001 2555 1100 2596 vexent.
1135 2548 1184 2603 Tu,
1207 2549 1281 2606 Iane,
1303 2550 1350 2597 aris

806 2629 956 2693 principium
971 2627 1095 2676 carminis.
1128 2627 1223 2675 Eadem
1240 2633 1351 2689 transpo-

808 2711 863 2758 sitio
883 2709 910 2757 in
932 2715 1040 2756 mentem
1057 2703 1158 2755 venerat
1174 2705 1350 2756 Haberfeldtio.

851 2794 1059 2851 Auctumuusque
1099 2788 1184 2849 prauis
1222 2787 1353 2837 Libitinae

809 2874 929 2932 quaesita
946 2870 1056 2917 acerbce.
1081 2866 1202 2915 Horatius
1218 2879 1290 2929 saepe
1305 2866 1353 2916 hoc

810 2947 868 2995 anni
884 2955 981 3010 tempus
1001 2946 1107 2994 noxium
1129 2945 1263 2994 valetudini
1281 2960 1351 2994 aecu-

810 3034 855 3074 sat.
879 3026 968 3088 Neque
978 3025 1107 3088 ignorabat
1118 3026 1221 3081 Fronto,
1231 3024 1351 3085 scribens,

809 3115 837 3154 ut
854 3107 953 3169 quidem
974 3104 1073 3167 legitur,
1094 3119 1151 3166 pag.
1167 3105 1224 3156 277.
1249 3105 1354 3167 Hiemps

810 3191 860 3243 111,
882 3190 907 3232 11
926 3185 1033 3233 crudum
1057 3198 1127 3232 mare
1149 3185 1279 3231 biternum
1299 3189 1353 3240 est,

810 3267 894 3314 adesse
914 3278 964 3312 usu
983 3264 1077 3325 potuit.
1104 3264 1156 3311 Ubi
1172 3265 1353 3326 1111111111-

812 3344 927 3400 terterit,
952 3357 1043 3390 111111
1067 3347 1224 3404 tempestates
1243 3343 1355 3391 incertae

810 3429 835 3472 et
852 3423 942 3471 dubiae
958 3426 1071 3470 moratae
1087 3427 1155 3470 suut.
1177 3424 1227 3471 Ver
1237 3427 1354 3471 exactum

812 3501 869 3552 est?
896 3505 987 3550 Aestas
1011 3507 1049 3549 est
1065 3503 1166 3564 1111111,
1191 3507 1216 3551 11
1232 3503 1268 3550 111
1284 3501 1354 3549 uaci-

812 3588 899 3646 pastes
920 3583 989 3641 urit,
1010 3586 1036 3630 et
1065 3581 1135 3629 boma
1159 3586 1282 3639 nauseat,
1308 3585 1354 3629 aut

812 3676 909 3712 r-uus
924 3661 1057 3723 sequitur:
1085 3662 1166 3709 Pensa
1182 3662 1355 3723 culpabantur

813 3749 837 3790 et
853 3744 958 3804 laspuer
974 3744 1142 3790 exornabitur.
1175 3741 1258 3790 Maius
1280 3741 1356 3790 edidit

814 3827 860 3869 cut
876 3823 965 3870 veluus
980 3822 1102 3883 sequitur.
1134 3820 1230 3870 Fronto
1246 3820 1354 3883 scripsit:

814 3907 839 3951 et
860 3903 931 3950 boma
946 3907 1061 3950 nauseat.
1095 3903 1256 3950 Auetumuus
1276 3902 1355 3962 sequi·

815 3982 875 4028 turi
909 3983 991 4028 Perua
1013 3983 1192 4044 culpabantur,
1209 3985 1235 4027 11
1251 3981 1357 4039 laupuor

814 4061 984 4109 oscurabitur.
1001 4060 1089 4108 Horat.
1106 4058 1190 4108 Osrm.
1207 4058 1258 4106 ΠΙ.
1275 4069 1355 4104 1111111.

815 4138 910 4186 alumni
937 4153 988 4186 non
1008 4139 1118 4186 sentiunt
1140 4138 1270 4201 Pomifero
1283 4153 1359 4200 prave

816 4225 913 4280 tempus
928 4233 1001 4265 auno.
1034 4217 1085 4266 Ubi
1109 4216 1189 4266 Schol.
1211 4231 1357 4279 „pomorum

816 4297 885 4344 vario
902 4303 978 4358 gustu
998 4295 1162 4359 languescunt
1178 4299 1304 4358 eorpora“

851 4373 964 4424 Stoma
985 4376 1119 4437 placitum.
1152 4373 1190 4422 Ut
1210 4387 1301 4437 nempe
1317 4375 1358 4423 ho-

816 4455 910 4512 mines,
926 4455 953 4504 in
970 4469 1055 4503 somno
1072 4453 1142 4502 obliti
1158 4453 1272 4501 laborum
1284 4460 1308 4502 et
1318 4469 1359 4502 cu·

817 4550 913 4593 rerum,
930 4535 1013 4599 itaque
1029 4533 1143 4592 recreati,
1161 4533 1282 4583 matutino
1299 4540 1358 4584 tem-
