3542 5634
382 472 423 531 rs
613 538 620 547 ,
780 465 1124 530 siriniensi

428 658 517 741 Ergo
541 678 606 720 non
631 655 713 719 satis
737 664 804 734 est,
828 654 897 718 risu
920 654 1071 718 diducere
1094 655 1213 718 rictum

425 759 674 834 Auditoris3-
690 763 724 821 et
746 765 797 822 est
819 757 1012 841 quaedemt
1012 779 1110 821 amen
1125 757 1180 821 hic
1195 779 1324 842 quoque
1345 759 1468 823 virius:
1481 797 1529 807 -

433 863 497 926 Est
518 861 680 926 brevitate
703 881 801 944 opus,
825 868 864 922 ut
886 867 996 923 currat
1018 859 1183 924 sententia
1204 881 1269 924 neu
1292 882 1327 924 se

430 964 596 1049 Impediat
618 963 726 1028 verbis
749 963 855 1026 lassas
881 963 1092 1027 onerantibus
1116 983 1226 1039 aures3

430 1067 477 1130 Et
499 1088 648 1131 sermone
671 1087 753 1150 opus
777 1072 828 1130 est
850 1065 948 1130 modo
972 1065 1076 1147 tristi,
1101 1087 1197 1149 saepe
1219 1065 1346 1146 iocoso,

429 1169 636 1234 Defendente
660 1169 766 1232 vicem
790 1169 887 1232 modo
911 1168 1049 1233 rhetoris
1074 1175 1172 1253 atque
1194 1173 1327 1252 poetae,

427 1273 598 1337 Interdum
620 1271 754 1353 urbani,
778 1271 942 1356 parcentis
966 1271 1106 1348 viribus,
1132 1275 1230 1355 atque

426 1375 648 1440 Extenuantis
672 1395 727 1438 eas
751 1374 911 1438 consulto.
961 1373 1150 1437 Ridiculum
1173 1374 1239 1437 acri

427 1477 560 1542 Fortius
584 1483 618 1541 et
639 1476 758 1541 melius
783 1497 920 1560 magnas
943 1477 1135 1589 plerumque
1159 1481 1248 1540 secat
1269 1498 1329 1540 res

427 1580 504 1659 Illi,
528 1579 651 1662 scripta
672 1578 792 1663 quibus
816 1579 984 1643 comoedia
1005 1578 1115 1662 prisca
1136 1579 1215 1642 viris
1240 1584 1308 1658 est,

427 1682 499 1745 Hoc
521 1681 669 1762 stabant,
693 1680 755 1744 hoc
780 1686 858 1745 sunt
880 1680 1053 1756 imitandi3
1078 1701 1160 1794 quos
1185 1702 1290 1764 neque
1312 1680 1447 1764 pulcher

425 1783 648 1867 Hermogenes
671 1804 829 1866 umquam
852 1782 954 1866 legit,
979 1804 1084 1866 neque
1109 1782 1224 1846 simius
1248 1783 1329 1863 iste,

425 1887 483 1950 Nil
498 1893 630 1972 praeter
654 1886 793 1952 Calvum
817 1893 850 1950 et
873 1886 988 1950 doctus
1013 1892 1144 1951 cantare
1168 1885 1345 1950 Catullum.

426 1990 497 2072 „At
518 2011 677 2074 maguum
700 1989 908 2073 fecit.'quod
930 1989 1037 2053 verbis
1063 1989 1186 2054 Graeca
1209 1989 1338 2053 Latinis

425 2093 597 2158 Μιίιιιίιιι
635 2092 664 2157 Ο
686 2092 750 2157 seri
775 2092 978 2156 studiorum!
1003 2091 1101 2176 quine
1123 2092 1249 2176 putatis

405 2278 407 2280 .
426 2196 569 2260 Difficile
592 2201 625 2259 et
646 2196 784 2276 mirum,
807 2195 937 2258 Rhodio
961 2195 1049 2281 quod
1073 2194 1277 2259 Pitholeonti

377 2396 432 2438 tum
453 2403 521 2449 puer
544 2394 581 2436 est
606 2390 667 2437 loris
690 2394 716 2437 et
731 2387 844 2450 sanim
865 2390 924 2436 udis
966 2389 1040 2437 minis
1057 2392 1108 2451 qui,
1126 2389 1191 2437 idem
1208 2389 1259 2437 fere
1276 2399 1351 2454 atque
1367 2408 1424 2440 caui
1441 2395 1519 2456 signi·

377 2469 525 2525 Exoratm,
554 2473 585 2515 at
608 2473 669 2516 emet
692 2483 763 2530 opem
786 2470 831 2530 qui
848 2466 925 2529 serre
965 2467 1074 2527 ficantis,
1096 2469 1156 2516 satis
1173 2483 1297 2532 superque
1313 2471 1448 2520 constabat.
1482 2475 1519 2522 Et

285 2556 289 2568 ’
372 2549 457 2610 poitis
481 2549 604 2609 Antiquis
619 2553 700 2607 posset
716 2546 925 2608 emmasastidia
964 2547 991 2593 iu
1009 2547 1127 2595 Terentio
1143 2555 1207 2595 recte
1224 2548 1277 2610 ipse
1297 2548 1380 2598 Bentl.
1397 2551 1518 2612 praetulit

375 2634 524 2683 nmmo,-
548 2627 795 2683 Grammaticorum,
812 2627 923 2686 equitum
962 2628 1137 2688 postputotit,
1154 2627 1213 2689 quia
1229 2629 1341 2690 sequitur
1358 2635 1383 2676 et
1401 2636 1518 2678 tramu-

375 2704 548 2759 domem,-
566 2703 795 2764 grammaticorum,
812 2703 923 2764 equitum
965 2705 1003 2752 lit.
1038 2703 1181 2752 Difficultas
1208 2707 1315 2753 vertitur
1339 2721 1390 2754 non
1415 2707 1442 2754 in
1465 2711 1518 2756 seii

375 2781 542 2837 doctissimus,
559 2795 605 2843 pro
620 2787 646 2828 et
661 2783 780 2843 equitum.
964 2798 1009 2844 qm
1019 2785 1128 2844 patetis
1140 2783 1221 2830 sedin
1229 2801 1305 2846 qums
1310 2788 1415 2845 putetis
1432 2781 1526 2834 ΒιιιιΙ.Ι

409 2862 520 2908 Pulcher
533 2861 708 2920 Hermogenes.
726 2857 922 2907 commentator:
964 2868 1035 2924 putat
1052 2878 1083 2910 ne
1100 2870 1142 2910 aut
1160 2863 1363 2927 παρέλκονιιιι,
1380 2873 1431 2923 aut,
1448 2869 1516 2929 quod

375 2940 526 2997 „Ironieosf‘
541 2938 770 2996 Voluitnimirum,
782 2939 923 2999 sepulchro
964 2940 988 2986 ei
1003 2941 1085 3002 potius
1100 2942 1206 3001 videtur,
1221 2945 1438 3006 interropuiivum,
1450 2955 1517 2994 certe

378 3019 488 3074 Critiae,
505 3025 531 3066 ιι
546 3024 575 3066 ιιι
592 3016 692 3076 Graeci,
710 3018 788 3074 καλὸς
810 3023 922 3064 utuntur.
964 3032 1013 3066 non
1030 3019 1240 3078 confirmativum,
1256 3029 1284 3069 ιιι
1300 3022 1431 3071 Prisciano
1447 3025 1515 3072 vide-

374 3098 415 3146 De
439 3099 597 3159 Hermogene
618 3096 725 3159 speciem
745 3097 848 3158 pulchri
864 3095 922 3142 ridi·
963 3097 1044 3146 hatur.
1078 3099 1148 3147 iliud
1170 3100 1299 3164 παρέλκοι
1323 3103 1415 3149 nemim
1423 3109 1515 3166 ,puto,

374 3179 430 3227 cule
446 3178 588 3235 affectante,
609 3192 660 3225 non
676 3177 836 3239 cogitandum
852 3183 921 3236 puto.
964 3178 1082 3239 placebit,
1109 3186 1136 3226 ut
1164 3193 1243 3241 neque
1268 3179 1383 3228 Bentleio
1410 3181 1516 3244 placuit,

410 3261 433 3306 0
455 3260 506 3307 seri
529 3261 688 3307 studiorum!
722 3257 805 3313 Quinc
824 3258 922 3316 putetis
963 3271 1036 3317 quem
1058 3258 1119 3304 adeo
1146 3258 1281 3306 Ruhnken.
1304 3260 1336 3306 ad
1360 3259 1376 3306 l.
1402 3260 1515 3308 Terentii

375 3339 491 3402 Difficile
506 3344 532 3386 et
552 3339 654 3385 mirum.
688 3333 750 3382 Alia
774 3332 851 3383 MSS.
878 3333 922 3381 ha·
963 3349 1013 3382 uon
1029 3334 1130 3383 laudare
1147 3335 1257 3391 debebat,
1274 3344 1401 3400 tamquam
1417 3340 1515 3388 docuis-

372 3420 431 3468 beut
451 3420 560 3482 putatis.
592 3415 721 3465 Bentleius
746 3413 855 3463 defendit
872 3429 921 3475 pu·
963 3421 1000 3462 set
1015 3431 1047 3462 ne
1063 3414 1143 3462 videri
1160 3415 1294 3464 abundare
1323 3417 1406 3474 Quinc
1417 3431 1516 3480 semper

373 3501 445 3556 tetis,
467 3499 523 3546 loco
539 3497 639 3560 gemino
655 3494 729 3556 plane
745 3499 770 3540 ιι
787 3507 920 3556 germano,
963 3500 1000 3541 est
1016 3495 1235 3556 interrogativum,
1251 3502 1275 3542 ιι
1291 3495 1392 3558 signum
1408 3497 1513 3545 interro-

372 3583 401 3625 ut
422 3577 493 3633 dicit,
521 3574 631 3623 Terentii
655 3571 765 3634 Adelph.
786 3572 822 3620 Π.
839 3586 881 3619 ιιι.
898 3573 920 3619 9.
963 3572 1077 3634 gationis,
1094 3574 1237 3636 saepissime
1253 3575 1386 3624 mLat1u1s
1398 3584 1424 3624 et
1435 3576 1513 3626 Grae

377 3656 450 3714 Quid
464 3653 520 3701 sit?
545 3653 614 3700 iltius
640 3665 725 3712 opera,
751 3650 829 3712 Syre,
853 3664 922 3698 nunc
962 3653 997 3701 cis
1022 3654 1168 3717 scriptorum
1191 3655 1338 3704 editionibus
1359 3657 1512 3719 neglectum,

373 3733 443 3781 vieo.-
454 3731 580 3794 festivum
601 3734 691 3792 caput,
732 3729 816 3786 Quini
836 3729 921 3776 omnia
963 3732 1054 3796 ubique
1070 3734 1250 3796 apponendum
1267 3734 1299 3783 In
1316 3733 1513 3800 interrogatione

372 3814 422 3861 sibi
435 3811 595 3873 postputarit
610 3823 663 3857 esse
677 3823 741 3870 prae
756 3823 808 3855 mm
818 3822 921 3856 commo·
962 3817 1019 3858 sunt
1031 3811 1095 3858 varii
1107 3811 1217 3870 affectus,
1229 3815 1374 3874 praesertim
1385 3817 1513 3864 admiran-

373 3893 424 3942 do?
445 3899 470 3939 et
486 3888 571 3939 Ovidii
586 3889 655 3946 loco,
671 3901 744 3950 quem
762 3887 921 3949 germanissi-
961 3889 1025 3936 tium
1046 3895 1071 3937 ιι
1087 3890 1278 3951 indignantium
1312 3892 1343 3939 In
1366 3893 1481 3942 Plauto'
1474 3909 1512 3941 m·

372 3987 443 4020 mum
468 3968 589 4032 appellat,
610 3967 671 4016 Fast
687 3966 722 4014 11.
742 3966 782 4014 45.
804 3969 861 4014 Ali!
879 3967 918 4014 ni·
962 3967 1047 4015 venias
1072 3967 1151 4015 multa
1175 3969 1301 4032 exempla:
1327 3971 1456 4033 Amphitr.
1473 3972 1510 4021 II.

372 4053 450 4098 atium
460 4049 564 4112 faciles,
580 4049 624 4109 qui
641 4047 730 4094 tristia
742 4046 850 4093 crimiim
866 4060 920 4095 cue·
961 4059 989 4094 11.
1007 4047 1047 4094 60,
1073 4049 1220 4110 Pauiiiaper
1242 4065 1314 4097 mune
1347 4053 1419 4098 Dum
1440 4054 1511 4100 edor—

371 4130 412 4178 dis
429 4129 563 4176 Flumineo
579 4128 636 4176 tolli
651 4126 918 4187 poaseputetisaquo.
962 4126 1271 4176 iiiiscotuimmsomnum
1294 4129 1511 4192 RespondetAm-

371 4209 447 4258 Haud
463 4222 552 4270 operae
566 4206 738 4270 pretiumerat
755 4206 918 4267 tepidumca-
960 4201 1071 4264 phitruo:
1093 4204 1445 4268 Quamvipilanssomniat?
1462 4208 1511 4258 Ca-

368 4294 427 4349 put,
440 4289 484 4350 qui
498 4286 669 4348 postputarit,
680 4290 705 4332 ιι
710 4283 804 4345 faciles
820 4299 864 4346 qm
869 4298 917 4345 pu
960 4280 1015 4329 tull.
1032 4281 1142 4344 Epithsl.
1159 4283 1189 4332 P.
1206 4291 1231 4332 et
1248 4285 1295 4334 Th.
1315 4287 1370 4334 182.
1391 4287 1511 4350 Comiupis

372 4366 431 4414 tetis
446 4363 542 4422 afferre,
553 4362 792 4411 adeonfirmandum
803 4364 853 4410 seri
864 4366 918 4409 stu·
960 4377 993 4410 ιιιι
1003 4361 1059 4424 fido
1075 4367 1185 4412 consoler
1201 4371 1289 4414 memet
1300 4368 1404 4417 amore?
1424 4370 1510 4427 Quina

370 4446 478 4503 diarum,
493 4445 537 4506 qui
551 4444 655 4505 putetis.
689 4440 757 4489 Usus
774 4440 819 4488 iste
830 4455 918 4502 prono·
953 4438 1028 4501 sapit
1049 4441 1152 4490 lentos
1142 4458 1277 4492 ιιιιιιιιιιιιι
1298 4447 1398 4508 perpite
1414 4452 1510 4497 remos?
