3542 5634
707 465 888 530 LIBER
935 468 959 530 l.

310 651 481 736 Contigit?
514 651 585 732 „At
610 673 731 733 sermo,
757 652 872 736 lingua
896 653 1075 718 concinnus
1100 660 1252 738 utraque,

309 753 460 836 Saevior,
485 761 524 818 ut
547 754 629 819 Ohio
653 761 733 819 nota
756 757 785 820 ai
808 757 989 821 commixta
1012 757 1144 822 Falerni
1168 763 1251 822 est.“

309 857 418 937 Quum
441 879 554 922 versus
579 857 701 939 faciae,
721 864 759 923 te
784 859 896 943 ipsum
918 867 1100 944 percontor,
1124 884 1166 925 an
1190 869 1224 926 ei
1247 883 1348 945 quum

310 960 401 1024 Dura
424 959 487 1023 tibi
509 960 696 1044 peragenda
717 961 765 1025 rei
787 962 832 1026 ait
854 985 953 1027 cauea
975 963 1111 1028 Petilli?
1140 1027 1159 1050 ,

309 1062 443 1127 Scilicet
466 1062 586 1128 oblitos
609 1064 803 1149 patriaeque
824 1066 1010 1151 patriaque,
1034 1067 1151 1132 Latine

309 1164 419 1243 Quum
443 1165 565 1230 Pedius
590 1187 705 1232 causas
729 1169 867 1234 exsudet
891 1169 1060 1254 Poplicola
1082 1179 1179 1254 atque

262 1355 397 1417 Coniugis,
428 1355 494 1404 illius
520 1358 563 1419 qui
588 1356 669 1420 fugit?
702 1360 806 1422 Dionys.
851 1363 957 1409 Falerni
973 1367 1017 1410 cat.
1052 1363 1086 1410 Et
1103 1361 1192 1410 Graeci
1208 1361 1283 1408 talem
1299 1374 1395 1422 eompa-

261 1435 342 1483 Halia.
350 1435 398 1484 VI.
407 1437 447 1486 78.
465 1437 546 1495 ὴτοῖς
557 1437 681 1500 ἀξιώμασι
698 1439 807 1500 (πιστεύ-
849 1439 969 1488 rationem
986 1440 1122 1498 usitabant,
1139 1441 1205 1488 unde
1225 1440 1328 1488 Luciam
1346 1439 1395 1486 De-

261 1517 361 1576 σαντες)
379 1520 431 1564 τῶν
448 1516 624 1580 πρεσβευτῶνς
647 1520 672 1566 οἳ
689 1520 736 1575 τὰς
753 1519 806 1567 ἑαυ·
849 1517 938 1565 mouth.
956 1518 1058 1566 Enuom.
1084 1519 1123 1568 47.
1148 1518 1207 1581 ἐμοῦ
1228 1519 1324 1580 τὰμὲν
1341 1517 1394 1566 δεο-

261 1596 313 1640 τῶν
334 1592 494 1656 παρέχονται
517 1595 625 1654 πίστεις
649 1596 699 1643 Per
723 1595 806 1644 huius·
848 1597 942 1660 μένου,
969 1600 1002 1645 τὰ
1028 1597 1053 1646 δὲ
1079 1597 1262 1657 ἀπειλοῦντος,
1289 1595 1396 1654 ἁπαλὴν

260 1672 327 1719 modi
338 1673 545 1735 interrogationes
556 1672 649 1735 aliquid
659 1676 805 1722 antecedens
847 1677 948 1737 μοῦσαν
966 1674 1060 1740 στερῤᾄ
1077 1675 1258 1739 κεραννύντας.

260 1749 393 1806 refutatur,
411 1758 435 1798 et
451 1750 554 1798 verbum
571 1752 597 1799 in
613 1760 722 1814 tempore
735 1768 805 1816 prac-
881 1754 986 1802 Scilicet
1003 1756 1090 1802 oblitae
1105 1756 1255 1816 patriaeque
1263 1756 1397 1816 patriaque

260 1829 323 1876 senti
339 1831 446 1892 ponitur.
480 1831 524 1878 Ad
545 1830 619 1878 istam
640 1845 754 1880 normam
769 1832 805 1880 lo
847 1832 946 1889 Latini,
975 1832 1040 1880 Catu
1057 1834 1154 1880 Pedius
1169 1846 1272 1881 caussae
1288 1834 1396 1880 exsudat

260 1924 303 1956 cus
320 1910 419 1958 Horatii
435 1925 487 1958 non
503 1917 584 1972 potest
600 1911 727 1973 explicari.
744 1913 804 1962 Pos-
847 1912 987 1971 Poplicola.
1022 1912 1091 1960 Ante
1108 1911 1250 1960 Beutleium
1266 1910 1394 1972 legebatur

259 1996 305 2047 set,
321 1990 342 2036 ai
362 1989 499 2052 legeretur:
525 1990 548 2037 0
572 1992 622 2037 teri
643 1991 803 2038 stadiorum!
845 1990 946 2036 oblitus,
980 1990 1027 2038 Est
1043 2005 1093 2037 una
1110 1991 1140 2037 de
1151 1989 1322 2053 pulcherrimis
1339 1989 1394 2038 Bri·

263 2067 347 2125 Quiue
365 2070 468 2130 putarit
506 2068 623 2130 Difficile
646 2084 677 2117 ac
697 2070 804 2125 miram,
845 2068 917 2113 unni
926 2069 1076 2116 coniecturis.
1092 2069 1163 2116 Idem
1175 2070 1267 2116 Latiui
1275 2081 1308 2114 ex
1316 2066 1393 2117 MSS.

260 2149 360 2196 erodia
383 2151 449 2208 qaod
478 2149 636 2196 Pitholeonti
673 2148 804 2210 Corrupit?
845 2146 952 2194 restituit
969 2150 1126 2210 proLatiue.
1151 2147 1218 2194 Mihi
1230 2161 1318 2194 verum
1327 2148 1393 2195 vidc-

260 2225 297 2273 At
313 2225 435 2288 Lucilius,
447 2226 541 2283 dicitis,
552 2240 674 2287 magnum
686 2225 750 2285 iecit,
760 2241 803 2290 pu·
846 2231 889 2272 tur
898 2227 1003 2284 Latine,
1014 2234 1039 2274 et
1047 2234 1174 2290 praeterea
1183 2224 1330 2287 legendum:
1346 2242 1392 2288 pa-

259 2305 322 2352 tavit
337 2319 364 2353 se
385 2320 502 2369 magnam
524 2319 577 2353 rem
594 2305 685 2353 feussc.
719 2304 803 2354 Oros
847 2306 959 2368 iriaeque
972 2313 1132 2369 patrumque.
1151 2305 1192 2353 Sic
1199 2313 1224 2351 et
1233 2304 1392 2354 Sanadonum

259 2383 309 2430 aeri
324 2384 471 2442 studiorum,
488 2392 584 2431 tantam
592 2382 710 2446 ineptiam
727 2384 803 2432 Luci·
846 2385 952 2436 voluisse
969 2387 1049 2434 video.
1083 2385 1151 2432 Illud
1175 2385 1267 2432 Latiae
1288 2400 1393 2434 coatrae

257 2460 291 2509 lio
308 2463 448 2511 tribuentes.
481 2462 562 2511 Illene
578 2463 819 2526 putassetdifficilc·
845 2467 951 2512 exsudat
979 2464 1107 2514 Bentleius
1130 2463 1288 2510 vehementer
1313 2477 1394 2524 repre-

258 2548 284 2587 et
299 2536 402 2600 mirum,
421 2542 485 2605 quod
501 2549 553 2589 tam
570 2542 701 2601 facilest,
719 2542 804 2589 utvel
837 2541 938 2590 bendit.
964 2545 1039 2602 „Non
1055 2543 1112 2590 dicit
1123 2557 1227 2591 causaue
1238 2557 1322 2603 opera·
1340 2543 1391 2597 sed,

258 2618 408 2668 Pitholeonti
424 2622 570 2683 contigerit?
595 2621 661 2682 Quid
682 2620 804 2682 significet
845 2635 894 2682 qua
910 2623 1010 2670 satiram
1026 2623 1096 2670 dccet
1119 2620 1275 2683 metaphora,
1290 2635 1392 2668 cautuae

261 2699 344 2756 Quina
357 2703 476 2762 putatia,
491 2701 554 2749 mihi
575 2700 642 2748 haud
657 2700 737 2762 magis
754 2700 802 2747 cla·
844 2704 974 2750 eamear-e.
1012 2702 1050 2750 At
1076 2715 1148 2753 vero,
1176 2700 1294 2762 quidquid
1316 2699 1391 2746 verbo

257 2792 315 2825 rum
331 2787 380 2836 cst,
397 2795 472 2843 quam
488 2780 515 2826 in
528 2779 662 2828 Terentio:
679 2781 802 2840 Lepidam
843 2781 943 2842 proprio
969 2782 1100 2838 convenit,
1125 2795 1176 2828 non
1200 2780 1265 2827 idem
1292 2793 1390 2842 quoquc

257 2863 351 2918 caput:
381 2861 456 2920 quine
479 2858 647 2920 postputaoit.
688 2856 802 2904 Donatus
845 2858 920 2907 verbo
937 2861 1063 2908 translato.
1091 2862 1184 2908 Latine
1199 2873 1302 2908 uaaaoaa
1317 2874 1391 2906 orare
1414 2890 1421 2907 .

256 2936 355 2997 quidem
372 2936 527 2998 interpretari
548 2934 634 2982 nesciit
649 2934 697 2980 uisi
712 2948 756 2996 per
773 2938 802 2983 τὸ
844 2943 909 2984 recte
925 2938 1021 2998 dicitur,
1045 2940 1138 2986 Latine
1153 2940 1277 2986 exsudare
1293 2943 1389 3000 porten-

257 3014 386 3078 παρέλκον
411 3022 439 3061 ut
455 3014 640 3062 commentator
656 3011 801 3060 Horatium:
843 3019 897 3060 tum
914 3015 988 3077 plane
1005 3023 1054 3072 est,
1072 3023 1096 3064 et
1112 3017 1247 3076 inignotaa
1257 3017 1389 3063 terraade·

254 3110 303 3149 „ue
318 3093 415 3154 syllaba
430 3092 538 3140 abundat
553 3091 734 3139 inuenientia.“
754 3092 802 3139 Le·
842 3093 1004 3152 portandum,
1032 3093 1087 3140 ubi.
1107 3093 1199 3140 incolae
1228 3095 1323 3140 Latine
1348 3108 1389 3140 vo-

254 3187 315 3234 gam
340 3173 434 3236 potius:
463 3173 533 3230 Quia
559 3173 650 3220 onmia.
684 3167 801 3234 Ctesipho
842 3177 915 3216 munt
939 3178 963 3218 et
981 3173 1075 3220 Latine
1096 3178 1208 3219 ventrem
1229 3176 1387 3218 exonerant.“

255 3253 325 3300 dicit:
341 3252 421 3300 Illius
437 3267 513 3315 opera
534 3267 601 3299 ιιιιιιι
617 3252 679 3298 eiua.
712 3249 801 3312 Neque
841 3248 984 3308 Bentleius‚
1009 3250 1057 3297 ista
1073 3249 1194 3305 scribens,
1211 3264 1260 3297 non
1277 3251 1388 3298 recorda-

256 3331 302 3379 hoc
318 3333 342 3380 ei
358 3331 502 3380 sufficiebat.
534 3332 617 3390 Quia,
634 3327 695 3391 quin
711 3329 799 3387 etiam,
842 3327 914 3383 betur
931 3328 1059 3377 Iuvenalis
1077 3328 1150 3377 Satir.
1169 3329 1218 3377 VI.
1239 3329 1285 3378 185
1301 3343 1337 3391 sq.
1362 3345 1389 3377 ae

254 3411 305 3458 imo
320 3412 394 3460 etiam
410 3413 493 3460 amnia
514 3411 562 3458 tibi
575 3411 735 3472 portpotauit
751 3423 801 3458 ease
840 3423 890 3456 νινιι
904 3414 983 3470 putat
1000 3411 1068 3457 alla
1088 3410 1308 3468 Foroaosaot‚uiai
1324 3425 1388 3471 qaae

253 3504 318 3551 prae
341 3505 394 3539 meo
417 3491 554 3545 commodo,
580 3485 734 3543 Maledicta,
752 3486 798 3547 sa·
841 3489 871 3535 de
901 3490 984 3538 Taaca
1011 3490 1139 3538 Graecula
1156 3489 1235 3551 sacta
1259 3493 1311 3536 eat:
1346 3487 1388 3538 De

255 3585 335 3628 maor,
356 3585 436 3617 meam
453 3582 561 3615 animem
584 3570 610 3614 et
624 3569 754 3625 peccatum
771 3566 799 3612 in
843 3564 1001 3616 Sulmonensi
1030 3583 1100 3616 utera
1129 3566 1272 3629 Cecropis?
1303 3570 1388 3616 omorio

254 3650 439 3697 retranstulit.
465 3646 549 3694 Plaut.
562 3642 652 3692 Bacch.
661 3643 697 3692 11.
706 3657 746 3692 111.
757 3645 797 3695 77.
843 3646 948 3704 Graece,
975 3646 1040 3695 Cam
1056 3649 1091 3695 eit
1108 3653 1183 3709 turpe
1199 3648 1279 3708 mapie
1295 3649 1388 3696 uostris

254 3729 340 3777 Nicob.
359 3731 416 3777 Nae
432 3728 709 3785 ille,herele,miltieit
720 3728 799 3774 malta
840 3726 935 3774 matre
952 3727 1055 3774 Latiae.
1090 3727 1144 3776 Hoc
1160 3741 1271 3774 samone
1285 3732 1387 3788 pareat,

255 3814 327 3856 tanto
343 3813 434 3865 carior,
464 3809 495 3856 Si
519 3822 558 3854 ure
572 3807 631 3854 illae
646 3820 710 3853 aaro
727 3811 799 3853 tanto
840 3805 885 3853 hoa
901 3807 976 3862 iram,
991 3806 1095 3868 gaudia,
1111 3819 1195 3862 curae,
1226 3806 1386 3855 Hoooaucta

253 3887 460 3936 arcamauxertt.
494 3885 584 3948 Chrys.
612 3887 681 3944 Quia
697 3887 725 3933 in
740 3887 799 3948 ipsa
839 3884 978 3945 plaudunt
994 3885 1074 3932 animi
1089 3890 1194 3934 secreta.
1215 3884 1285 3941 Quid
1300 3884 1387 3931 ultra?

254 3967 315 4013 aede
332 3969 436 4015 Dianae
451 3970 579 4016 conditam
595 3974 639 4014 eat.
674 3965 702 4014 Si
723 3964 756 4012 ibi
772 3965 798 4012 in
843 3960 1015 4011 Coaaumhant
1035 3964 1137 4012 Graece.
1172 3961 1292 4010 Insanum
1310 3961 1385 4011 Grae-

253 4045 331 4095 MSS.
348 4052 411 4094 esset
430 4048 535 4105 Quodne
549 4047 577 4092 in
593 4046 721 4108 ipaaaede
735 4046 798 4091 Dia-
840 4053 881 4086 eos
899 4040 1010 4087 imitandi
1026 4041 1148 4097 studium,
1165 4039 1215 4086 iam
1232 4045 1289 4087 ante
1305 4039 1385 4086 Horu-

253 4127 436 4173 rraeoonditam
448 4127 501 4173 eat?
516 4124 583 4172 haud
594 4130 730 4181 mutarem;
739 4136 798 4168 uam
839 4119 903 4167 tium
919 4133 991 4181 saepe
1007 4119 1194 4181 reprehensum,
1211 4125 1290 4166 aetate
1306 4119 1385 4166 Hora-

253 4207 315 4266 qaia
331 4206 417 4253 eodem
428 4205 499 4263 redit,
515 4218 615 4267 nempe:
635 4217 725 4251 aurum
736 4201 798 4251 illud
840 4199 869 4246 tii
884 4205 909 4246 et
926 4205 981 4261 post
997 4199 1080 4246 crevit
1108 4198 1220 4260 Apparet
1237 4197 1277 4245 vel
1294 4212 1327 4246 ex
1343 4199 1384 4246 Iu·
1478 4213 1481 4220 ’

252 4296 301 4330 non
323 4282 393 4332 facile
414 4284 570 4346 surripietur;
595 4291 696 4337 eontra,
723 4282 798 4344 probe
841 4275 935 4328 venale.
953 4276 1160 4340 Loquuntur,ait‚
1173 4275 1384 4334 Graeoe,Graece

253 4371 401 4411 asservatur.
839 4366 943 4423 pavent,
969 4357 1121 4415 irascuntur,
1146 4356 1269 4418 gaudent,
1290 4356 1384 4406 Graece

286 4442 402 4498 Saeuior,
419 4447 449 4489 at
468 4441 531 4488 Chio
548 4443 608 4487 noia
624 4440 647 4486 ai
663 4440 799 4487 conimiuta
839 4437 1011 4485 concumbunt.
1053 4433 1107 4484 Cur
1134 4435 1260 4498 Poplicola
1284 4451 1385 4484 caussas
