3542 5634
609 587 613 594 ’
667 596 850 660 LIBER
896 596 920 658 Ι.

267 783 411 848 Nomine
433 782 606 868 deceptus,
629 803 751 867 poenas
778 781 871 846 dedit
896 802 1015 865 usque,
1045 802 1204 865 superque

266 884 374 964 Quam
395 885 477 950 satis
498 889 563 967 est,
584 884 707 969 pugnis
731 905 845 948 caesus
867 883 1017 966 ferroque
1039 883 1181 967 petitus,

266 987 430 1053 Exclusus
448 987 537 1070 fore,
558 1010 661 1073 quum
679 987 891 1072 Longarenus
911 986 996 1050 foret
1015 986 1115 1050 intus.

266 1090 355 1155 Huic
381 1091 411 1155 si
430 1090 577 1155 mutonis
602 1090 710 1155 verbis
732 1090 822 1154 mala
848 1095 943 1154 tanta
961 1088 1104 1153 videntis

266 1193 399 1259 Diceret
420 1195 500 1258 haec
523 1193 671 1258 animus:
694 1192 806 1275 „Quid
826 1193 876 1256 vis
900 1191 984 1256 tibi?
1006 1189 1177 1274 Numquid
1198 1210 1259 1273 ego
1278 1209 1298 1252 a
1318 1193 1350 1252 te

266 1296 389 1381 Magno
405 1301 606 1381 prognatum
627 1296 767 1382 deposco
790 1295 924 1361 consule
943 1316 1089 1360 cunnum
1099 1341 1108 1376 ,

266 1398 485 1485 Velatumque
504 1399 609 1481 stola,
634 1421 709 1464 mea
728 1421 831 1484 quum
853 1398 1038 1463 conferbuit
1058 1397 1150 1460 ira?“

268 1501 355 1582 Quid
376 1502 605 1587 responderet?
652 1503 798 1587 „Magno
815 1507 909 1587 patre
927 1507 1006 1593 nata
1028 1499 1139 1585 puella
1159 1501 1243 1564 est.“

266 1606 315 1670 At
334 1610 457 1690 quanto
478 1605 614 1670 meliora
636 1610 749 1671 monet
770 1605 1020 1691 pugnantiaque
1044 1603 1118 1669 istis

268 1708 370 1773 Dives
391 1708 463 1794 opis
488 1714 606 1774 natura
627 1731 721 1791 suae,
747 1714 784 1774 tu
807 1708 837 1774 si
853 1708 950 1773 modo
971 1711 1057 1772 recte

269 1811 468 1895 Dispensare
487 1811 589 1893 velis,
612 1833 650 1877 ac
670 1834 736 1877 non
756 1811 914 1896 fugienda
938 1809 1088 1897 petendis

268 1913 466 1979 Immiscere
514 1915 581 1979 Tuo
601 1915 683 1980 vitio
702 1937 853 1980 rerumne
873 1914 1016 1995 labores,

268 2017 327 2081 Nil
349 2016 467 2082 referre
488 2020 607 2102 putas?
654 2018 778 2102 Quare,
795 2040 839 2083 ne
856 2016 1024 2103 poeniteat
1044 2021 1091 2098 te,

271 2120 394 2186 Desine
412 2126 579 2186 matronas
601 2121 771 2204 sectarim,
790 2121 877 2186 unde
898 2120 1018 2186 laboris

272 2225 353 2289 Plus
373 2224 502 2289 haurire
521 2225 602 2289 mali
623 2230 675 2290 est
697 2246 796 2310 quam
818 2246 913 2289 exre
935 2223 1104 2308 decerpere
1122 2221 1256 2286 fructus.

271 2326 340 2392 Nec
359 2326 467 2412 magis
489 2327 586 2412 huic,
609 2327 696 2393 inter
719 2327 831 2392 niveos
850 2326 1035 2410 viridesque
1057 2323 1190 2409 lapillos

273 2429 326 2496 Sit
343 2429 423 2496 licet
442 2431 515 2514 hoc,
538 2431 711 2513 Cerintho,
733 2437 840 2513 tuum,
865 2436 1015 2495 tenerum
1031 2433 1082 2494 est
1097 2427 1203 2493 femur
1217 2432 1275 2492 aut
1292 2449 1364 2492 crus

227 2616 298 2667 lustr.
321 2615 460 2667 Grammat.
478 2618 517 2666 16.
539 2633 617 2680 quum
626 2617 715 2681 filiam
729 2633 776 2681 pc·
818 2616 1017 2667 Commentator:
1038 2615 1117 2675 „Plus
1139 2613 1205 2662 euim
1224 2611 1284 2660 mali
1300 2625 1366 2660 accc·

229 2697 311 2754 imi,
327 2701 435 2758 nuptam
452 2697 545 2745 Marco
566 2695 709 2774 adprime,
736 2698 776 2746 dc
817 2698 865 2760 pit,
882 2697 926 2761 qui
943 2702 1010 2744 amst
1027 2694 1146 2750 nobilem,
1167 2691 1190 2740 si
1206 2690 1322 2739 fueritin
1340 2703 1367 2738 re

228 2780 308 2836 reret,
323 2781 453 2836 suspectus
467 2777 495 2823 in
515 2790 558 2832 ea,
579 2780 604 2823 et
625 2777 654 2823 ot
675 2777 720 2824 hoc
740 2790 778 2824 re
817 2777 997 2840 deprehensus,
1014 2790 1089 2839 qnam
1106 2773 1200 2821 fruetus
1218 2777 1242 2819 et
1256 2770 1367 2819 iucundi

229 2859 322 2912 motus,
343 2855 378 2902 ad
399 2853 477 2902 Com.
501 2853 608 2901 Gallum
622 2867 649 2901 te
663 2856 778 2902 contus.
817 2858 876 2905 tatis
887 2871 920 2905 ex
931 2859 1041 2905 amors.“
1063 2855 1098 2903 Et
1113 2855 1174 2902 haec
1190 2857 1227 2900 est
1238 2850 1367 2899 sententis

230 2932 326 2980 Mirum
342 2932 488 2995 interpretes
499 2930 585 2978 Plauti
595 2931 634 2979 Μ.
646 2930 716 2980 Glor.
727 2932 778 2981 ΠΙ.
818 2937 890 2984 Mati
906 2935 1006 2984 omnino
1022 2932 1165 2982 sufficiebat.
1199 2929 1252 2979 Cur
1268 2931 1367 2978 addere·

230 3025 251 3060 1.
268 3013 307 3063 17.
323 3010 467 3059 sollicitasse
482 3009 556 3065 alios,
573 3009 698 3059 sliosnon
709 3011 779 3060 intel·
818 3016 981 3062 turlatoria?
1001 3014 1148 3076 Legendum
1161 3010 1265 3059 seilicet:
1296 3012 1368 3058 Unde

230 3090 335 3139 lexisse:
354 3091 441 3137 Facile
455 3093 494 3137 est
510 3090 645 3149 imperium
660 3091 689 3136 ic
704 3091 781 3137 bonit.
819 3095 901 3141 latori
929 3094 997 3140 Plus
1017 3093 1123 3139 haurire
1139 3091 1202 3138 rituli
1218 3095 1269 3147 est,
1291 3105 1368 3152 quam

231 3166 383 3218 Dodsrlinus
399 3180 497 3229 quoque
508 3166 674 3214 coniecturam
685 3167 780 3216 Meine·
819 3186 851 3219 ea·
867 3186 896 3217 re
912 3171 1041 3230 decerpere
1051 3169 1166 3230 srtwtus.
1200 3167 1274 3216 Unde
1289 3173 1318 3212 tu
1333 3164 1368 3213 la

230 3247 269 3295 kii
284 3246 382 3303 laudat,
398 3259 427 3294 ac
437 3253 563 3308 praeterea
574 3245 647 3308 legit:
665 3248 724 3294 Hor
734 3248 780 3294 mi·
819 3248 874 3296 bori
894 3255 938 3296 tuo
959 3247 1014 3311 plus
1030 3247 1092 3295 mali
1108 3246 1208 3304 hauris,
1227 3259 1302 3308 quam
1318 3244 1369 3291 fru-

232 3340 275 3375 ser
290 3327 629 3387 attaminatum.
663 3327 720 3374 Hoc
732 3340 782 3374 uno
819 3334 873 3375 ctus
885 3340 963 3375 exre.
1002 3328 1087 3382 Unde,
1104 3340 1137 3374 ex
1152 3325 1267 3374 sectando
1278 3330 1368 3372 matro-

233 3403 397 3462 substantirs‚
408 3405 507 3453 nomine
518 3404 667 3467 appositivc;
677 3405 782 3452 haeuns
820 3420 873 3453 nas.
907 3404 958 3453 Iste
977 3404 1061 3460 labor,
1086 3405 1107 3452 si
1129 3404 1248 3460 succedit,
1271 3403 1300 3450 fit
1316 3417 1369 3459 res,

233 3497 275 3541 re,
290 3482 383 3531 scilicet
398 3484 497 3531 omnine
512 3483 635 3546 deceptus.
663 3484 748 3533 Recte.
821 3485 843 3532 si
864 3498 916 3532 non
940 3484 1059 3542 succedit,
1084 3484 1113 3531 fit
1137 3483 1238 3531 malum.
1272 3481 1370 3530 Malum
1463 3479 1468 3494 ¹

267 3564 397 3612 Exclusa
414 3561 488 3624 fore,
516 3577 591 3623 quum
621 3563 783 3624 Lonqareuut
821 3569 904 3612 autem
922 3576 1020 3625 semper
1030 3563 1109 3610 maius
1121 3569 1256 3626 est,quam
1267 3561 1369 3612 fructus.

230 3642 302 3704 soret
317 3642 397 3688 intur.
421 3640 488 3688 Nota
504 3639 656 3689 Graecorum
668 3641 783 3699 formula,
822 3639 971 3690 conferatur
981 3640 1042 3688 illud
1050 3641 1160 3690 Phaedri
1168 3642 1217 3690 IV.
1229 3640 1267 3690 19.
1290 3641 1370 3698 Quem

233 3721 302 3768 unde
317 3719 444 3767 Lucienus
459 3719 560 3782 Dialog.
577 3722 642 3770 Mer.
658 3721 683 3770 8.
695 3720 796 3780 ἐπειδὴ·
815 3720 938 3784 [ructum
954 3723 1026 3783 capis
1053 3723 1098 3769 Ex
1115 3723 1159 3769 hoc
1176 3720 1279 3769 latore?
1305 3721 1370 3768 Nul-

235 3799 261 3849 rt
277 3797 388 3848 ἐλθόντα
405 3800 467 3847 ποτὲ
477 3798 622 3861 ἀπέκλεισα,
634 3797 784 3858 Καλλιάδης
823 3802 887 3857 lunt,
913 3800 997 3862 inquit
1019 3800 1069 3849 ille.
1108 3799 1179 3847 Idem
1200 3799 1247 3847 hoe
1267 3797 1316 3846 dici
1335 3798 1371 3846 sic

236 3878 287 3942 γὰρ
304 3876 318 3924 ὁ
335 3878 444 3942 γραφεὺς
461 3877 535 3926 ἔνδον
550 3879 592 3938 ἦν.
822 3882 930 3940 poterat:
954 3891 1026 3939 quem
1037 3877 1158 3940 fructum
1175 3879 1246 3938 capis
1260 3879 1318 3924 huie
1333 3881 1370 3925 lc-

269 3955 492 4005 Huictt'mutonis
500 3959 582 4005 vero-tr
607 3959 713 4006 Diceret
724 3959 785 4006 haec
824 3958 889 4013 bcri,
915 3955 990 4019 idque
1013 3957 1094 4018 magis
1121 3955 1271 4018 exquisitum
1296 3970 1371 4018 quam

236 4035 345 4084 animus.
378 4034 480 4084 Comiea
495 4035 581 4084 oratio.
614 4036 656 4084 Ex
678 4034 785 4085 Cornicis
825 4038 901 4084 huius
921 4037 1022 4085 laboris.
1055 4035 1164 4098 Elegans
1186 4041 1223 4082 est
1244 4035 1290 4082 iste
1311 4049 1371 4082 usus

236 4111 364 4163 Lucienus
380 4113 496 4162 Pseudol
512 4115 553 4163 26.
570 4117 636 4179 πρὸς
651 4116 734 4177 θεῶν,
751 4115 786 4174 ἣν
824 4114 916 4172 dativi,
941 4128 1013 4176 saepe
1034 4129 1050 4160 a
1069 4113 1189 4170 librariis,
1213 4126 1265 4159 non
1283 4112 1372 4160 intelli-

237 4190 300 4256 λέγῃ
334 4193 417 4240 ταῦτα
437 4191 455 4250 ἡ
481 4192 598 4255 γλῶττα,
623 4191 691 4241 ἰδίαν
719 4193 786 4257 αὐτῇ
825 4191 953 4255 gentibus,
975 4193 1001 4238 in
1018 4192 1155 4254 genitivum
1172 4192 1268 4240 mutati.
1298 4189 1372 4250 Ouid.

239 4270 328 4334 φωνὴν
342 4267 477 4331 λαβοῦσα,
495 4271 594 4320 καὶτὸν
604 4271 714 4335 πώγονα
722 4289 784 4320 συν·
825 4272 930 4320 Metam.
950 4271 1014 4319 VII.
1034 4270 1091 4319 812.
1127 4273 1226 4317 Auram
1247 4275 1373 4330 exspecta·

238 4348 334 4412 ἡγορον
352 4347 565 4413 ἐπικαλεσαμένη,
587 4350 612 4399 τί
629 4350 662 4398 ἂν
678 4350 786 4415 ἀποτρέ·
826 4353 897 4398 tum:
914 4351 1011 4412 requies
1027 4355 1084 4398 erat
1099 4349 1245 4398 illalutors'.
1274 4347 1373 4398 Ouden-

241 4444 298 4475 ναιο
316 4427 382 4491 αὐτῇ
391 4443 401 4485 ,·
421 4427 434 4446 “
826 4428 926 4491 dorpius
943 4429 975 4475 cd
991 4427 1091 4477 Caesar.
1107 4429 1138 4476 B.
1152 4426 1183 4477 G.
1201 4427 1235 4475 V.
1248 4427 1288 4475 ts.
1305 4441 1374 4490 egre-

283 4507 357 4555 Unde
380 4509 472 4557 latmo
505 4508 574 4557 Plus
597 4508 702 4557 haurire
725 4509 788 4557 mali
828 4509 868 4574 gie
884 4506 1026 4556 illustravit.

242 4589 291 4642 est,
316 4600 393 4646 quum
417 4602 448 4636 ex
472 4601 500 4636 re
524 4587 654 4650 decepere
672 4586 787 4649 fructus.
863 4589 906 4637 stt
922 4589 982 4637 lieet
999 4588 1053 4645 too,
1075 4585 1298 4649 omittundum.
1327 4585 1376 4634 Hic
