3542 5634
387 507 449 570 102
782 499 1135 566 SATIRARUM

428 691 575 776 Aegrum
599 687 757 753 sollicitat
780 687 1004 767 stomachum,
1029 707 1131 770 quum
1154 685 1270 769 rapula
1291 686 1408 770 plenus

428 795 539 878 Atque
561 791 670 858 acidas
694 791 823 856 mavult
845 790 963 855 inulas.
1011 788 1161 854 Necdum
1185 788 1291 854 omnis
1315 789 1431 854 abacta
1498 876 1505 888 .

429 895 604 981 Pauperies
629 894 735 980 epulis
758 915 892 979 regum:
916 913 993 957 nam
1017 891 1139 956 vilibus
1164 890 1233 956 ovis

427 998 605 1084 Nigrisque
628 1004 679 1064 est
702 997 783 1063 oleis
806 995 904 1061 hodie
927 995 1027 1059 locus.
1077 994 1177 1059 Haud
1199 994 1248 1058 ita
1269 994 1396 1078 pridem

424 1103 560 1169 Galloni
583 1100 752 1187 praeconis
776 1105 845 1165 erat
868 1098 1054 1183 acipensere
1077 1118 1192 1163 mensa

424 1205 573 1271 Infamia.
622 1204 731 1285 Quid?
754 1209 825 1268 tum
849 1201 1002 1274 rhombos
1026 1200 1137 1266 minus
1160 1224 1300 1286 aequora
1323 1201 1477 1266 alebant?

421 1309 524 1374 Tutus
548 1313 617 1374 erat
630 1293 814 1389 rhombus,
839 1311 976 1391 tutoque
999 1304 1125 1370 ciconia
1147 1305 1246 1388 nida,

421 1411 533 1476 Donec
556 1432 613 1476 vos
638 1416 751 1475 auctor
774 1409 885 1474 docuit
907 1407 1098 1493 praetorius.
1147 1408 1236 1493 Ergo

423 1513 556 1599 Siquis
580 1535 668 1578 nunc
691 1534 819 1597 mergos
845 1533 961 1577 suaves
985 1510 1124 1576 edixerit
1147 1533 1254 1592 assos,

388 1691 392 1697 ¹
422 1615 556 1681 Parehit
578 1616 672 1701 pravi
694 1615 809 1681 docilis
833 1615 984 1680 Romana
1005 1614 1168 1680 iuventus.

420 1718 577 1786 Sordidus
600 1742 620 1785 a
642 1719 734 1785 tenui
757 1719 847 1784 victu
871 1717 1026 1800 distabit,
1051 1716 1159 1783 Ofello

420 1822 549 1888 Iudice:
574 1845 652 1888 nam
675 1823 798 1888 frustra
820 1822 941 1887 vitium
963 1820 1118 1886 vitaveris
1141 1820 1241 1903 illud,

422 1925 458 1992 Si
482 1931 515 1991 te
540 1927 604 1992 alio
627 1929 764 2011 pravum
789 1924 971 1992 detorseris.
1018 1923 1220 2008 Audiense,

373 2050 415 2094 net
431 2047 500 2094 orbes
522 2047 627 2096 Grande
643 2050 711 2100 ebra.
744 2046 817 2095 Dixit
832 2053 924 2110 patera
962 2045 998 2094 lia
1014 2044 1069 2094 sim.
1087 2045 1134 2094 hoc
1151 2052 1188 2094 est
1205 2049 1296 2108 abique
1311 2047 1340 2093 in
1356 2046 1451 2103 Italia,
1469 2061 1514 2108 per

367 2124 501 2185 videntur,
517 2127 584 2188 quod
600 2127 625 2175 in
644 2126 750 2176 Horatio
767 2133 805 2175 est
816 2131 919 2190 patent.
962 2129 1039 2172 totam
1056 2125 1165 2174 Italiam.
1183 2140 1207 2174 v.
1225 2125 1387 2188 Oudendorp.
1403 2125 1437 2172 ad
1449 2124 1512 2175 Cae-

370 2201 489 2252 Fortasse
505 2204 625 2268 explicari
639 2213 753 2268 poterant
764 2205 811 2254 ista
822 2220 854 2254 ex
867 2219 921 2253 ver·
961 2217 1009 2252 sar.
1025 2205 1055 2253 B.
1074 2203 1106 2253 G.
1126 2219 1148 2253 v.
1170 2205 1210 2253 bb.
1248 2206 1328 2253 Totas
1348 2212 1373 2253 et
1394 2211 1481 2260 tatas,
1499 2222 1514 2254 ο

371 2272 410 2328 bis
430 2281 538 2332 Senecae
563 2285 644 2347 Epist.
667 2284 707 2332 at.
742 2285 814 2333 Sans
832 2290 920 2344 patra·
960 2284 1104 2345 ettsquam
1116 2297 1188 2346 saepe
1198 2284 1225 2332 in
1236 2282 1316 2333 codd.
1328 2284 1378 2331 sint
1389 2283 1511 2341 confusa,

369 2375 437 2409 scere
453 2367 554 2419 sumta,
570 2377 619 2411 nan
635 2363 760 2424 tanaqui-
959 2374 1033 2409 nemo
1054 2361 1161 2423 ignorat.
1195 2361 1317 2411 Horatius
1337 2368 1421 2410 autem
1438 2364 1513 2411 nidos

409 2438 543 2489 Caeterum
568 2440 661 2489 mentio
686 2443 746 2502 apri
770 2441 811 2488 hic
835 2439 919 2488 minus
959 2439 1065 2498 addidit,
1084 2439 1143 2502 quia
1158 2441 1185 2487 in
1201 2442 1270 2489 nidis
1285 2441 1428 2503 rogitantur
1444 2441 1511 2504 pulli

369 2526 509 2582 opportuna
525 2508 578 2579 ests
592 2535 667 2583 qnam
684 2526 747 2568 esset
764 2521 827 2569 aeis.
852 2519 919 2568 Nam
958 2518 1081 2576 ciconiae,
1094 2525 1168 2582 atque
1186 2519 1224 2568 illi
1238 2519 1382 2582 pracsertim
1392 2518 1511 2582 peteban-

367 2597 466 2648 locutns
483 2606 536 2647 erat
556 2601 587 2648 de
603 2601 690 2648 avitas
706 2605 731 2647 et
746 2601 870 2661 piscihus,
894 2606 919 2647 et
957 2602 1000 2646 tur
1016 2613 1032 2646 a
1048 2597 1148 2660 gulosis.
1181 2598 1271 2646 Pullos
1287 2599 1416 2648 comedere
1425 2599 1512 2648 docuit

368 2677 400 2726 da
420 2677 507 2726 iisdem
528 2678 556 2726 in
577 2695 614 2742 sq.
635 2678 758 2742 loquitur,
776 2685 804 2725 ut
820 2679 851 2726 de
867 2681 918 2728 aci·
958 2681 1045 2724 auctor
1053 2677 1198 2737 praetorius.
1211 2675 1410 2728 Commentator:
1421 2677 1510 2737 „Sem-

367 2771 483 2818 penscre,
506 2759 619 2816 rhombo,
644 2760 753 2816 ciconia,
773 2759 874 2820 naman,
893 2764 919 2805 at
957 2755 1060 2818 pronius
1087 2754 1169 2804 Rufus
1202 2755 1340 2817 praetorius
1372 2755 1511 2805 instituisse

368 2834 399 2882 de
425 2850 488 2897 apra
512 2836 613 2884 demum
640 2851 677 2884 vs.
701 2837 741 2886 89.
774 2838 918 2887 Rancidam
957 2833 1065 2882 ereditur
1080 2842 1110 2881 ut
1125 2833 1278 2882 ciconiarum
1294 2833 1358 2896 palli
1373 2836 1510 2885 manduca·

368 2927 462 2973 aprum
478 2917 580 2979 antiqui
595 2917 742 2964 laudabant.
957 2918 1056 2960 rentur:
1073 2926 1163 2974 quare,
1185 2927 1263 2974 quum
1284 2912 1311 2960 in
1329 2920 1448 2975 praetura
1462 2930 1507 2978 pe-

404 2993 518 3041 Necdnm
543 2995 624 3043 omnis
649 2997 739 3043 abacta
776 2997 918 3056 Paupertas
957 2991 1164 3054 tendarepulsam
1173 2991 1276 3049 tulisset,
1285 2991 1335 3040 tale
1343 2993 1510 3055 Epigramma

367 3072 448 3132 epulis
464 3088 557 3134 repam.
592 3073 780 3136 comparandus
800 3074 840 3121 hic
856 3089 916 3138 quo·
956 3071 1059 3118 meruit:
1079 3070 1240 3120 Ciconiarum
1257 3072 1348 3134 Rasna
1363 3075 1411 3121 iste
1425 3076 1509 3122 mndi-

367 3163 415 3211 que
435 3150 540 3200 Lucian.
563 3153 642 3216 Epist.
666 3151 769 3202 Saturn.
785 3154 825 3201 28,
853 3153 917 3211 ἴδοις
957 3153 1007 3206 ΐθν,
1034 3150 1089 3198 Hic
1105 3156 1144 3198 θεῖ
1160 3151 1254 3199 duobus
1270 3152 1408 3213 denuntior
1425 3155 1508 3202 Plan·

368 3228 402 3276 ἂν
426 3229 522 3288 αὐτοὺς
544 3230 608 3280 οὕτω
630 3229 749 3294 λαχάνου
772 3235 813 3280 καὶ
835 3233 916 3298 θύμου
955 3227 1003 3284 015,
1022 3227 1212 3290 Suffrssffl'vrum
1225 3234 1323 3292 mela
1336 3233 1506 3281 mimim-

366 3305 532 3371 ὀρεγομένους
549 3309 637 3370 ἐνίοτε,
657 3309 851 3374 ὥσπερούδὲσὺ
864 3316 916 3360 τῶν
954 3309 1030 3366 piem·
1066 3305 1228 3356 Ciconiarum
1248 3310 1359 3369 papulus
1379 3310 1453 3358 attus
1468 3318 1508 3360 est

366 3384 454 3448 λαγῶν
470 3387 514 3434 καὶ
530 3391 607 3436 συῶν,
955 3388 1082 3432 mortem.“
1115 3385 1276 3435 Burmannus
1298 3393 1433 3436 venustum
1453 3403 1507 3438 car-

402 3465 484 3513 Tutus
500 3471 557 3513 emt
573 3468 705 3524 rhomam,
728 3473 832 3530 tutoque
853 3470 914 3518 θὼρ.
955 3475 1013 3509 men
1028 3461 1106 3510 edidit
1121 3464 1148 3512 in
1166 3466 1273 3514 Anthol.
1289 3467 1374 3518 Latin.
1392 3467 1423 3516 T.
1442 3468 1463 3517 1.
1481 3485 1506 3532 p.

365 3541 410 3588 nia
426 3543 494 3590 nido.
521 3542 578 3602 Quo
594 3544 740 3593 modahaec
751 3546 915 3608 accipiemus?
955 3541 1012 3589 ³05.
1037 3548 1062 3590 et
1086 3543 1172 3592 multis
1196 3545 1340 3594 illustravit.
1381 3547 1505 3607 Laborat,

365 3619 459 3666 ciconia
475 3625 530 3668 tuta
546 3627 600 3668 erat
625 3624 652 3668 in
680 3628 734 3671 tato
758 3627 829 3681 nido,
858 3641 914 3673 carn
953 3628 1028 3684 puto,
1045 3625 1147 3685 menda,
1165 3637 1229 3686 quae
1240 3623 1297 3672 fecit
1308 3632 1337 3672 nt
1348 3625 1429 3674 oratio
1439 3627 1506 3675 male

366 3699 511 3758 satanico,
533 3713 565 3746 an
586 3699 680 3748 ciconia
701 3707 756 3748 erat
778 3704 837 3750 nido
858 3709 914 3753 tato
953 3700 1095 3761 cohaereat,
1120 3703 1186 3765 quod
1211 3703 1306 3751 auctori
1331 3709 1383 3751 tam
1411 3704 1505 3756 Latino

364 3789 409 3838 pro
426 3775 533 3826 habebat
549 3783 632 3826 tutum
650 3778 751 3828 nidum?
785 3780 855 3829 Nihil
872 3797 911 3830 sa·
953 3779 1200 3830 minimctribnerim.
1236 3781 1357 3830 Pithoeus
1373 3783 1442 3832 dedit
1452 3788 1506 3848 ipse

363 3854 395 3902 tis
421 3853 511 3904 Latine
539 3855 631 3904 dictum
660 3856 730 3906 foret.
763 3859 912 3922 Legendum
952 3859 1502 3927 estproScholiastaehiaestHeinsiuslege-

362 3947 460 3982 censeo:
481 3936 563 3983 Tutus
579 3941 636 3984 erat
652 3937 781 3994 rhonahna,
804 3941 912 4002 totisque
953 3939 995 3986 hat
1010 3941 1102 4002 quippe
1117 3946 1155 3988 est
1172 3939 1212 3988 vel
1229 3942 1283 4002 ipae
1297 3942 1331 3997 is,
1348 3948 1392 3989 sut
1404 3944 1459 4004 ipse
1469 3950 1502 3994 et.

362 4016 459 4063 anania
475 4016 550 4064 nidis.
585 4015 715 4066 Rhombus
732 4023 786 4064 erat
802 4024 872 4066 tutus
884 4020 910 4067 in
951 4018 1050 4068 Verum
1067 4019 1158 4068 iudico:
1177 4023 1240 4069 Etsi
1256 4024 1350 4070 dachas
1365 4025 1504 4085 σὶοοοπήοτ

361 4091 522 4155 aequoribus,
548 4093 643 4142 ciconia
663 4095 689 4142 in
712 4096 824 4143 omnibus
845 4097 910 4146 nidis
953 4101 1068 4149 Plancis.
1103 4099 1189 4160 Quum
1211 4102 1259 4149 etsi
1279 4101 1356 4150 semel
1379 4108 1433 4151 erat
1449 4117 1503 4151 cor·

360 4172 425 4231 suis,
443 4172 534 4237 ubique
552 4174 578 4222 in
600 4174 671 4224 nidis.
706 4175 798 4238 Virgil.
821 4177 909 4240 Eclog.
951 4185 1055 4241 ruptum
1070 4179 1164 4239 in'est,
1187 4180 1271 4227 deerat
1293 4179 1403 4242 syllaba,
1424 4196 1502 4244 quam

363 4251 429 4300 I.ll.
448 4255 557 4316 undique
574 4256 636 4302 totis
653 4271 729 4318 sasque
745 4257 805 4304 adca
822 4259 909 4306 turha·
951 4257 991 4305 alii
1008 4256 1155 4320 supplerunt
1171 4272 1215 4321 per
1231 4260 1298 4320 ipae,
1321 4259 1363 4307 alii
1384 4274 1428 4322 per
1451 4264 1517 4310 hic.-

360 4335 404 4378 tar
422 4333 498 4392 apris.
532 4331 665 4383 claudian.
682 4334 717 4383 Π.
737 4334 833 4384 Stilich.
853 4337 909 4387 187,
950 4336 1065 4385 Acumen
1082 4337 1160 4384 estin
1178 4336 1296 4385 antithesi
1313 4340 1408 4386 deabus
1424 4346 1448 4388 et
1463 4355 1500 4389 ae·

359 4412 541 4461 naaacnlrnina
554 4414 615 4462 tatia
628 4415 749 4476 Aedificat
762 4417 832 4477 ripis.
858 4417 907 4466 Ubi
948 4421 1028 4477 ptern,
1039 4430 1102 4478 qnae
1113 4417 1223 4479 postulat
1234 4420 1289 4475 etsi,
1301 4419 1421 4480 quamvis,
1433 4418 1499 4469 licet.

359 4502 381 4534 v.
399 4486 486 4537 Burm.
504 4490 578 4540 Talia
595 4498 652 4540 sunt
670 4499 724 4542 tota
737 4495 829 4551 Italia,
845 4496 907 4544 Gal·
983 4496 1012 4542 Si
1029 4501 1053 4544 te
1070 4498 1119 4545 alio
1134 4513 1243 4559 praetant
1260 4499 1399 4546 (tetmaris
1434 4497 1500 4548 Gon·
