3542 5634
659 545 840 609 LIBER
885 547 928 610 Il.

271 732 316 797 Et
337 755 418 818 quae
440 733 484 798 sit
506 737 623 798 natura
645 733 723 798 boni
744 754 974 818 summumque
994 733 1074 818 quid
1098 733 1177 799 eius.

271 836 405 902 Cervius
429 838 508 901 haec
530 837 615 902 inter
632 836 758 901 vicinus
780 837 882 922 gamit
906 836 1010 902 aniles

271 939 323 1003 Ex
345 961 380 1005 re
402 939 548 1004 fabellas.
598 939 633 1006 si
656 939 730 1025 quis
754 961 831 1004 narn
853 939 968 1004 laudat
990 939 1094 1004 Arelli
1147 993 1150 998 .

273 1041 438 1110 Sollicitas
463 1043 597 1127 ignams
622 1063 718 1127 opeS,
743 1042 789 1108 sic
813 1042 948 1128 incipit:
973 1041 1087 1125 „Olim

272 1146 428 1212 Rusticus
451 1147 613 1211 urbanum
636 1169 762 1212 murem
785 1169 859 1212 mus
881 1168 1023 1232 paupere
1045 1146 1149 1212 fertur

271 1249 445 1334 Accepisse
468 1271 564 1332 cavo,
589 1255 732 1316 veterem
755 1255 848 1314 vetus
872 1250 990 1334 hospes
1014 1250 1174 1333 amicum,

271 1354 378 1439 Asper
401 1359 434 1418 et
456 1359 603 1419 attentus
628 1352 803 1439 quaesitis,
828 1358 1000 1419 attamen
1024 1359 1133 1419 artum

274 1457 419 1523 Solveret
441 1457 595 1543 hospitiis
619 1457 775 1522 animum.
825 1456 911 1537 Quid
934 1458 1060 1523 multa?
1090 1479 1194 1544 neque
1217 1457 1274 1522 ille

274 1561 416 1646 Sepositi
441 1561 552 1626 ciceris
577 1584 635 1626 nec
659 1562 776 1646 longae
799 1561 921 1626 invidit
943 1583 1078 1626 avenae:

273 1665 412 1729 Aridum
436 1671 469 1730 et
492 1687 545 1730 ore
568 1665 675 1731 ferens
699 1666 831 1730 acinum
854 1687 1043 1751 semesaque
1066 1666 1149 1730 lardi

274 1767 395 1833 Frusta
418 1769 523 1853 dedit,
548 1770 681 1855 cupiens
706 1770 797 1835 varia
820 1768 955 1834 fastidia
977 1790 1076 1834 coena

273 1870 410 1937 Vincere
434 1874 601 1959 tangentis
624 1874 711 1940 male
734 1873 866 1958 singula
888 1873 985 1937 dente
1009 1874 1154 1957 superbo.

275 1973 384 2054 Quum
406 1981 498 2062 pater
521 1977 591 2062 ipse
614 1978 730 2043 domus
753 1977 848 2062 palca
869 1981 1035 2061 porrectus
1059 1976 1094 2041 in
1117 1977 1220 2041 horna

230 2115 360 2162 Eductam
361 2113 470 2176 suctim,
478 2129 533 2162 eum
542 2115 569 2162 in
578 2115 683 2163 latebris
688 2114 773 2177 proei-
814 2111 995 2160 enarrationem
1005 2112 1040 2159 ita
1050 2112 1185 2161 concludit:
1201 2114 1359 2175 Hunefinem

296 2209 364 2241 mum
807 2191 904 2252 sabula
920 2192 1021 2253 accipit.
1054 2191 1116 2248 His,
1136 2193 1222 2251 eredo,
1239 2192 1361 2241 nonnulla

231 2273 311 2335 Apud
326 2273 435 2320 uicinum
451 2275 564 2329 baberet,
579 2275 647 2322 nullo
663 2275 759 2322 canedo
815 2270 955 2328 subiunxit,
971 2270 1003 2318 ad
1020 2269 1096 2320 istum
1112 2271 1163 2320 fere
1179 2272 1294 2330 modum,
1311 2286 1360 2335 quo

233 2351 344 2399 Assidue
373 2366 453 2400 secum
485 2352 590 2400 babebat
618 2352 661 2399 boe
688 2351 772 2398 modo:
815 2348 920 2398 Plautus
945 2348 1071 2412 praefatur
1096 2351 1243 2399 Asinariac:
1269 2354 1362 2410 Nune,

298 2430 395 2478 menum
815 2431 881 2490 quod
903 2444 940 2476 me
960 2430 1016 2476 diei
1036 2431 1099 2478 aelle
1118 2432 1185 2478 cobis
1206 2431 1298 2489 dicere,
1317 2430 1361 2478 Di·

232 2510 309 2558 Inter
326 2510 414 2557 mariti
430 2510 552 2571 danique
565 2510 702 2572 parietem,
816 2521 889 2555 cene:
908 2508 981 2555 Huic
996 2523 1084 2556 nomen
1098 2509 1195 2557 Graece
1210 2514 1249 2556 est
1263 2510 1361 2571 Onapos

236 2585 655 2651 Quisueratmedius,perfodit‚·
678 2589 777 2651 ipsein
810 2587 924 2648 fabulae.
958 2588 1125 2647 Demophilus
1146 2588 1262 2648 scripsit,
1287 2587 1362 2634 blar-

300 2670 414 2716 transitu
817 2680 861 2714 eus
870 2667 949 2714 uertit
962 2668 1075 2715 barbare.
1087 2667 1233 2714 Asinariam
1242 2668 1292 2714 volt
1300 2680 1363 2726 esse,

235 2748 328 2797 Lotum
344 2753 374 2796 ut
390 2763 489 2797 suerum
501 2763 553 2797 esse
562 2749 701 2806 simularet,
712 2750 778 2797 bunc
818 2747 841 2793 si
856 2761 904 2808 per
920 2761 962 2794 vos
978 2748 1042 2796 licet.
1071 2747 1143 2794 Inest
1159 2748 1226 2808 lepos
1242 2747 1363 2809 ludusque
1385 2793 1387 2799 ,

300 2829 438 2876 transitum
818 2826 846 2873 in
871 2827 918 2874 bac
936 2824 1076 2875 Comoedia.
1111 2826 1232 2874 Ridicula
1256 2839 1297 2874 res
1316 2831 1362 2874 est.

236 2906 317 2955 Sertis
334 2908 410 2969 felici
433 2912 458 2954 et
475 2906 571 2967 fronde
594 2907 715 2961 intendit,
741 2911 778 2952 at·
822 2907 891 2952 Date
913 2905 1014 2965 benipne
1034 2919 1135 2965 operam
1156 2905 1233 2963 mibi,
1266 2905 1303 2952 Ut
1323 2919 1364 2952 sos

299 3001 346 3048 que
362 2988 402 3033 ita
818 2984 878 3030 ilem
896 2984 974 3039 elias,
989 2984 1089 3043 pariter
1105 2997 1180 3037 nunc,
1199 2984 1276 3031 Mars
1292 2984 1363 3030 adiu·

236 3065 361 3112 Divinam
374 3063 548 3125 scelerarem
570 3062 604 3108 ud
621 3076 646 3110 se
660 3061 780 3122 cirpinem
819 3065 866 3108 oet.
899 3059 971 3106 Idem
995 3058 1022 3106 in
1046 3057 1138 3108 Casina
1159 3059 1269 3123 explicat
1290 3075 1363 3123 argu-

300 3146 392 3189 eoocat.
820 3143 931 3184 mentum
949 3135 1097 3186 Comoedias
1113 3138 1225 3201 Diphili,
1241 3153 1305 3201 quae
1321 3155 1364 3201 ap·

236 3220 383 3268 Adolescens
399 3219 585 3268 animaduertit.
619 3220 709 3267 Primo
730 3220 781 3266 eir-
819 3215 958 3278 pellabatur
977 3216 1147 3275 Clerumenoe,
1164 3218 1230 3265 unde
1247 3217 1304 3266 tecit
1317 3219 1364 3267 Ga-

301 3297 368 3358 ps'nis
819 3298 910 3344 unam.
944 3296 1102 3358 Argumenta
1126 3296 1259 3359 explicato,
1281 3299 1365 3347 addit:

238 3377 367 3439 adspectu
382 3379 518 3440 pulchrae,
535 3378 574 3424 uti
589 3378 719 3438 perculsus
735 3391 781 3424 uu·
823 3378 893 3424 Hinc
917 3377 1093 3425 adolescentem
1117 3391 1218 3438 pereprc
1242 3378 1365 3440 oblepaait

302 3457 377 3505 minis
748 3507 751 3512 ,
819 3458 902 3515 pater.
939 3455 1025 3503 Sciens
1044 3456 1097 3504 eim
1113 3460 1194 3503 mater
1210 3458 1234 3504 ei
1250 3457 1296 3504 dat
1311 3471 1367 3518 ope-

242 3536 491 3594 Visu,eeborrcseit,·
505 3521 782 3596 undeno'mensabulae.
820 3547 891 3589 rain,
908 3533 1007 3581 absenti
1023 3538 1113 3583 tomen.
1148 3535 1178 3582 Is
1197 3550 1229 3583 ne
1243 3541 1367 3598 exspecte-

240 3616 347 3664 Pueltae
363 3615 390 3663 in
407 3629 514 3663 amorem
531 3615 643 3673 exarsit,-
660 3614 783 3662 detincre
822 3611 856 3658 tis
873 3611 944 3659 bodie
959 3612 987 3659 in
1004 3612 1051 3660 boc
1069 3611 1201 3662 Carneadia
1228 3616 1265 3662 In
1280 3616 1367 3662 urbm

303 3695 415 3756 eopnita,
821 3705 870 3738 nen
885 3692 988 3740 redibit:
1007 3693 1121 3740 Plautus
1136 3693 1227 3741 noluit.
1259 3695 1367 3742 Pontem

239 3773 288 3822 Nil
304 3774 397 3822 remedi
412 3778 499 3822 tantae
515 3773 667 3835 cupiditatis
683 3774 718 3820 est
734 3773 783 3820 nisi
822 3772 979 3834 interrupit,
995 3775 1040 3835 qui
1056 3778 1112 3821 erat
1128 3774 1195 3822 etin
1211 3773 1310 3822 itinere.

240 3853 285 3900 Ee
315 3854 414 3916 nuptiis
441 3857 578 3916 repertum.
620 3852 668 3899 Ila
692 3852 783 3899 :reatris
857 3849 953 3900 Garrit
968 3854 1049 3900 aniles
1065 3854 1110 3900 Ee
1126 3853 1281 3914 resabellas.
1298 3853 1368 3901 Bene

304 3933 427 3982 commodo
823 3927 1024 3979 Commentator:
1044 3931 1236 3990 „Commodum
1253 3947 1304 3980 non
1313 3932 1367 3979 sine

239 4014 279 4061 Aa
294 4013 412 4073 cirpinis,
429 4027 460 4060 ee
475 4016 532 4060 uoto
542 4011 654 4058 amantis
665 4015 689 4058 et
697 4011 784 4071 patris
822 4021 927 4066 caussa,
955 4010 986 4057 ad
1014 4011 1166 4073 propositum
1193 4011 1368 4073 pertinentes.“

241 4092 382 4151 Consensu,
397 4093 546 4154 nuptiarum
555 4091 594 4153 fit
610 4092 748 4140 celebratio.
824 4083 896 4134 Ovid
933 4088 1110 4138 Metam'Vl.
1132 4089 1188 4137 316.
1219 4091 1302 4151 thue
1316 4089 1368 4152 fit,

242 4173 321 4222 Hunc
330 4171 410 4234 finem
418 4170 513 4234 fabula
528 4173 630 4232 accipit.
824 4180 840 4211 u
858 4165 935 4225 facto
957 4169 1075 4228 propiore
1099 4169 1187 4229 priora
1210 4172 1366 4215 rmmrrant:

824 4245 853 4290 Ε
871 4245 961 4306 quibus
983 4261 1046 4294 ursus
1067 4247 1114 4292 ait.
1147 4245 1197 4294 Ubi
1217 4245 1299 4293 verius
1316 4253 1369 4304 est,

239 4329 267 4378 A
283 4328 447 4390 taliPrologo
463 4329 616 4391 poitasuam
626 4325 784 4377 comoediam
823 4323 890 4386 quod
913 4323 1000 4371 Burm.
1025 4323 1083 4371 dicit
1107 4323 1133 4370 in
1154 4324 1288 4386 Argentin.
1305 4320 1371 4372 coo,

240 4408 316 4457 ordiri
340 4409 427 4471 potuit.
461 4409 578 4457 Primum
613 4406 672 4454 dicit
699 4422 725 4456 se
752 4422 785 4456 ex
823 4403 891 4466 legi:
908 4404 1013 4465 esucte.
1046 4403 1087 4451 Ita
1104 4402 1204 4452 Sueten.
1219 4402 1367 4453 deauco.

241 4488 372 4537 Menandri
384 4487 479 4538 Graeca
490 4486 574 4536 iecisse
584 4485 713 4536 Latinam:
731 4494 784 4536 tum
826 4485 931 4532 Proelia
946 4497 995 4532 non
1012 4488 1113 4531 tautum
1130 4485 1265 4542 detineto,
1282 4487 1369 4554 sedes

241 4574 415 4630 argumentum
432 4566 542 4617 Graecae
555 4571 664 4624 enarrat;
681 4565 791 4628 denique
824 4565 949 4612 occasione
963 4564 1083 4612 nenoebot.
