3542 5634
690 476 874 542 LIBER
919 479 944 542 Ι.

292 665 356 730 Est
379 683 443 748 quo
467 660 517 724 vir
538 648 671 744 melior,
700 661 798 747 longe
822 661 973 727 subtilior
996 661 1072 744 illo,

293 766 357 847 Qui
379 761 524 831 multum
547 787 628 851 puer
650 770 702 831 est
723 766 803 832 loris
827 771 860 832 et
882 765 1017 833 funibus
1042 767 1115 832 udis

293 871 512 952 Exhortatus,
537 875 575 934 ut
598 875 702 951 esset,
728 891 823 954 opem
848 869 904 954 qui
926 869 1009 934 ferre
1032 870 1138 955 poetis

292 973 450 1058 Antiquis
472 978 586 1059 posset-
608 979 722 1038 contra
743 973 878 1038 fastidia
901 979 1030 1056 nostra,

294 1075 592 1142 Grammaticorum
614 1077 762 1162 equitum
786 1076 1006 1142 doctissimus.
1049 1077 1099 1144 Ut
1119 1078 1249 1144 redeam
1267 1079 1363 1144 illuc:

293 1179 420 1265 Nempe
442 1180 660 1265 incomposito
684 1179 754 1244 dixi
776 1179 859 1264 pede
882 1202 1007 1245 currere
1030 1202 1142 1246 versus

295 1281 411 1347 Lucili.
461 1282 541 1362 Quis
567 1287 636 1348 tam
660 1283 768 1348 Lucili
791 1282 900 1347 fautor
922 1282 1033 1368 inepte
1056 1289 1123 1366 est,

295 1385 343 1451 Ut
365 1408 430 1451 non
455 1385 516 1450 hoc
539 1385 704 1450 fateatur?
749 1385 797 1449 At
819 1384 924 1468 idem,
950 1386 1037 1470 quod
1060 1387 1128 1452 sale
1151 1386 1257 1452 multo

295 1488 419 1555 Urbem
443 1488 613 1572 defricuit,
638 1489 750 1554 charta
774 1489 928 1553 laudatur
950 1489 1072 1554 eadem.

295 1591 364 1657 Nec
381 1597 492 1658 tamen
507 1593 568 1658 hoc
586 1593 749 1675 tribuens,
774 1592 918 1657 dederim
936 1614 1065 1679 quoque
1081 1599 1202 1672 cetera3
1227 1615 1305 1659 nam
1320 1593 1366 1658 sic

296 1697 342 1762 Et
364 1697 480 1762 Laberi
503 1697 639 1780 mimos,
662 1702 702 1762 ut
723 1696 860 1782 pulchra
881 1702 1049 1781 poemata,
1074 1697 1180 1762 mirer.

251 1864 313 1910 dum
329 1863 404 1923 duxi,
421 1878 450 1914 ac
461 1865 576 1928 probavit
587 1865 652 1914 idem
663 1866 713 1914 iam
725 1865 798 1928 Apit·
840 1879 911 1927 opem
926 1867 971 1927 qui
980 1865 1057 1929 serre
1071 1868 1149 1929 poetis
1177 1867 1295 1928 antiquit
1309 1872 1391 1928 posset

252 1944 305 1992 zius
316 1944 343 1990 in
354 1942 505 2006 Chronolog.
515 1944 613 1992 Horatii
621 1960 645 2006 p.
655 1943 713 1996 27.⁴⁴
734 1945 799 1993 Mihi
841 1949 932 1993 contra
943 1944 1058 2005 fastidia
1074 1951 1170 1993 acerra.
1195 1946 1290 2005 Nempe
1301 1946 1391 1992 iarom-

252 2023 335 2086 potius
351 2021 506 2071 scribendum
519 2023 630 2071 videtur:
649 2024 707 2071 Hoc
718 2023 800 2070 lentus
839 2025 923 2083 potito
940 2023 996 2070 dia-t
1010 2025 1072 2083 pede
1088 2038 1190 2071 currere
1200 2037 1286 2070 ceram
1299 2023 1391 2070 Lucili.

252 2101 309 2160 ille,
339 2104 391 2150 Est
414 2117 462 2164 qao
486 2103 526 2150 vr'r
551 2103 654 2157 arctior,
680 2102 750 2162 lonae
774 2106 799 2149 et
842 2099 936 2150 contra
961 2100 1059 2148 fastidia
1084 2109 1180 2158 nostra,
1202 2101 1302 2149 fastidia
1318 2101 1392 2149 huius

252 2182 371 2228 subtilitas
387 2183 438 2230 illo.
455 2179 645 2243 .Catoquovir
656 2179 800 2237 meliorest,
842 2179 944 2238 saeculi,
970 2175 1076 2229 aliorurir
1099 2187 1123 2228 et
1139 2195 1207 2228 mea:
1234 2181 1287 2228 dixi
1304 2195 1392 2244 nempe

253 2273 283 2307 eo
300 2259 380 2307 lenius
396 2259 522 2307 Lucilium
538 2259 657 2317 defendit,
680 2266 705 2307 et
725 2258 800 2322 longe
842 2274 930 2308 versas
954 2259 1046 2308 Lucilii
1070 2261 1132 2322 pede
1157 2259 1317 2322 incomposito
1338 2273 1392 2308 cur·

253 2339 367 2386 subtilius
383 2338 504 2397 defendit,
525 2353 600 2401 quam
619 2338 662 2386 ille
679 2339 724 2401 qui
739 2353 798 2400 pue·
842 2355 904 2388 rere.
938 2340 1004 2388 Hinc
1028 2340 1091 2387 mihi
1112 2339 1240 2388 fastidium
1260 2339 1391 2400 obiiciunt,

254 2432 296 2467 ros
312 2419 338 2466 in
354 2418 440 2466 schola
456 2417 602 2465 hortabatur
620 2416 679 2465 loris
696 2424 720 2465 et
737 2417 800 2465 funi-
842 2417 926 2480 quasi,
944 2419 986 2481 qui
1003 2417 1098 2481 aliquid
1115 2419 1141 2465 in
1158 2419 1260 2482 antiquo
1270 2421 1342 2482 poeta
1355 2434 1392 2468 re·

254 2498 315 2554 bus,
340 2505 368 2546 ut
385 2497 473 2561 aliquis
492 2497 643 2554 exoriretur,
669 2496 711 2559 qui
727 2497 801 2545 Luci·
841 2496 983 2558 prehendit,
1001 2497 1056 2545 ideo
1073 2497 1156 2544 omnia
1173 2497 1281 2545 fastidire
1292 2513 1392 2546 censen-

255 2576 317 2625 lium
334 2577 482 2625 defenderet.
842 2576 889 2624 dus
907 2577 953 2631 sit,
969 2589 1015 2622 nec
1032 2575 1134 2622 laudare
1151 2575 1223 2633 velit,
1241 2576 1307 2638 quod
1317 2575 1392 2624 laude

292 2658 345 2715 Qut
365 2658 473 2704 araltam
488 2671 554 2718 puer
570 2661 594 2704 et
613 2655 674 2703 loris
689 2661 715 2703 et
727 2655 801 2717 sam'·
843 2654 947 2716 dignum
969 2655 1047 2702 rideri
1069 2655 1153 2718 possit.
1187 2655 1275 2718 Vulgo
1301 2657 1393 2704 Gram-

255 2739 302 2786 bus
318 2739 375 2785 adia
392 2739 559 2785 Exhortatua
591 2735 705 2784 Verbum
715 2737 803 2783 erbor-
843 2737 994 2783 matiaorum
1015 2737 1126 2796 equitum
1146 2737 1303 2784 doctissimas
1319 2734 1393 2783 refer-

257 2821 328 2864 tataa
343 2816 441 2879 passive
457 2815 587 2877 accipiunt.
621 2813 653 2860 In
675 2812 736 2863 Ood.
754 2813 803 2860 Be·
843 2820 884 2861 tur
897 2814 927 2861 ad
940 2813 1066 2863 Catonem.
1083 2813 1175 2871 Nimis,
1184 2820 1251 2876 puto,
1264 2819 1393 2861 remotum.

255 2894 301 2944 rol.
318 2901 449 2950 exaratam,
468 2892 606 2943 Glareanus
621 2891 683 2953 legit
699 2906 803 2938 camara·
844 2890 963 2938 Horatius
993 2892 1077 2939 statim
1109 2891 1192 2938 versui
1216 2891 1289 2939 tertio
1314 2893 1394 2954 potius

256 2982 311 3034 tus,
332 2973 467 3023 Horkelins
488 2970 626 3034 ingeniose,
649 2971 803 3025 excoriatam,
844 2969 1022 3018 subiunxisset.
1054 2971 1107 3019 Nee
1124 2972 1192 3027 satis,
1209 2972 1271 3019 mihi
1288 2972 1396 3034 quidem,

255 3054 323 3117 quod
340 3050 414 3098 valde
430 3050 509 3113 placet
526 3047 661 3097 Meinelrio.
690 3045 803 3094 conieci:
845 3056 960 3109 apparet,
977 3049 1043 3096 unde
1060 3050 1209 3107 discesserit,
1228 3064 1276 3112 quo
1293 3050 1395 3098 redeun-

260 3133 314 3190 Qai
338 3131 447 3177 ocultam
470 3143 559 3189 pueros
583 3128 645 3175 laria
664 3130 688 3173 et
696 3120 805 3185 sceibus
848 3125 908 3172 dum
922 3127 959 3174 sit.
979 3129 1015 3174 Ut
1027 3131 1125 3175 redeam
1137 3129 1187 3174 iam
1200 3129 1274 3175 estin
1286 3144 1378 3189 aenipe.

256 3211 317 3258 adia
341 3210 392 3256 Eat
408 3209 534 3256 hortatus.
576 3205 626 3266 Qui
642 3218 731 3268 pueros
748 3218 803 3252 ver·
879 3204 972 3254 Laberi
990 3207 1084 3254 asiarco.
1118 3206 1242 3255 Iudicium
1253 3207 1353 3256 Horatii
1365 3207 1395 3254 dc

257 3289 370 3345 berabat,
387 3295 415 3336 ut
434 3302 466 3336 ex
482 3287 567 3336 schola
582 3301 628 3334 sna
644 3284 732 3347 aliquis
749 3299 804 3347 pro·
845 3282 952 3331 Laberio
973 3285 1054 3345 magis
1076 3284 1239 3332 confirmatur
1256 3300 1287 3333 ex
1306 3286 1395 3348 ignotis

258 3369 333 3427 diret,
358 3367 401 3431 qui
423 3367 536 3429 antiquos
552 3366 637 3428 poetas
651 3363 804 3420 defenderet,
845 3363 926 3409 adhuc
951 3363 1078 3424 particulis
1104 3363 1129 3410 in
1154 3363 1223 3411 libris
1248 3364 1396 3420 Frontonis,

258 3447 328 3510 isque
352 3461 415 3509 puer
439 3453 512 3493 natus
537 3451 606 3507 patre
631 3443 726 3506 equite,
745 3440 804 3488 olim
846 3456 870 3490 v.
881 3455 902 3490 c.
920 3441 951 3490 T.
966 3442 987 3490 1.
998 3458 1022 3505 p.
1031 3444 1072 3492 24.
1099 3446 1142 3492 Ad
1157 3459 1265 3492 amorem
1282 3443 1395 3491 ratiaten-

182 3556 187 3560 -
258 3526 423 3574 nominandus
448 3523 673 3574 Grammaticorum
694 3520 804 3584 equitum
846 3523 906 3569 dam
931 3523 1096 3570 delenimenta
1119 3536 1171 3571 ease
1192 3524 1394 3571 deliberanreata.

259 3604 425 3654 doctissimus:
442 3603 519 3665 igitur
535 3601 627 3649 doctior
644 3598 750 3657 Catone,
761 3600 804 3663 qui
846 3600 897 3650 Ubi
913 3599 962 3662 leg.
979 3601 1155 3658 deleramenta.
1189 3601 1231 3652 sic
1248 3602 1291 3650 ille
1307 3602 1396 3652 scriba·

260 3691 285 3733 et
305 3697 379 3746 eques
399 3689 424 3730 et
446 3681 629 3730 Grammaticus
645 3686 705 3728 erat.
737 3682 805 3728 Hor-
847 3679 890 3727 bat
900 3693 945 3742 pro
957 3681 1136 3738 deliramenta,
1153 3681 1269 3730 derivans
1282 3697 1297 3729 a
1308 3681 1395 3745 λῆρος.

261 3763 315 3811 tari
333 3763 403 3820 lara,
430 3767 458 3808 ut
473 3759 549 3822 Virg.
565 3758 616 3808 Ill.
640 3757 731 3820 Georg.
751 3757 805 3806 164.
847 3761 905 3821 Ipse
922 3758 959 3808 M.
977 3759 1096 3807 Aurelius
1113 3760 1159 3808 hoc
1176 3761 1300 3824 sequitur,
1319 3777 1343 3824 p.
1356 3761 1395 3812 70.

264 3844 305 3891 Ta
321 3857 381 3904 quoa
397 3842 431 3888 ad
447 3841 560 3889 atad-iam
577 3842 653 3899 atque
668 3852 740 3884 asum
748 3836 806 3899 sor-
847 3839 1018 3886 delerameata
1036 3840 1200 3888 Mammiaaa.

261 3923 340 3970 matis
355 3925 488 3982 ayrestem,
512 3918 570 3964 Iam
587 3917 680 3963 vitulos
698 3917 807 3972 hortare.
880 3916 1034 3966 Doderlinus
1062 3931 1174 3966 caussam
1200 3925 1254 3966 octo
1279 3932 1396 3966 versuum

262 4001 301 4047 Et
318 4001 379 4049 loric
394 4004 419 4048 et
429 3998 552 4060 simibus,
572 3994 635 4042 mihi
656 4009 706 4042 non
721 3993 808 4058 placet.
848 3997 884 4044 ita
905 3987 970 4059 agit,
996 4003 1023 4044 ut
1044 3995 1094 4043 fere
1115 4011 1165 4044 non
1188 3996 1310 4053 dubitem,
1336 3997 1397 4058 quin

261 4080 330 4128 Lora
350 4086 375 4127 et
396 4078 467 4126 funes
483 4075 610 4124 nonsatis
627 4072 759 4129 differunt,
781 4079 809 4120 ut
848 4075 983 4123 Horatium
1001 4074 1107 4122 habeant
1124 4081 1256 4122 auctorem.
1294 4075 1347 4124 Hos
1364 4081 1397 4122 sic

261 4159 297 4206 sic
306 4159 506 4220 distinguantur:
520 4161 584 4202 esset
594 4153 668 4209 enim,
677 4167 727 4200 non
737 4154 811 4201 modo
849 4152 940 4200 edidit:
969 4153 1069 4209 Lucili,
1095 4169 1171 4214 qaam
1196 4155 1230 4201 ria
1253 4155 1397 4211 mendosas,

262 4239 323 4288 loris
340 4237 474 4286 sedetiam
490 4233 599 4282 funibus.
624 4230 710 4281 Oratio
727 4241 810 4281 autern
850 4231 1018 4279 reareCatoae
1041 4233 1180 4291 Defmaore
1192 4234 1398 4294 cooperatricem,

262 4318 338 4380 longe
362 4315 443 4378 aptius
468 4316 652 4361 connecteretur
676 4310 698 4357 si
723 4324 810 4358 versus
849 4312 893 4372 qai
909 4311 975 4359 ritule
984 4310 1072 4373 factor
1100 4311 1244 4359 Emendare
1253 4317 1332 4373 parat
1343 4327 1397 4360 eer-

265 4398 498 4446 Grammaticorum
516 4392 628 4454 equitum
645 4391 810 4439 doctissimae.
850 4402 894 4436 aas
916 4415 947 4423 -
971 4390 1015 4438 hoc
1037 4390 1119 4437 lenias
1140 4390 1198 4447 ille,
1223 4391 1275 4438 Eat
1296 4406 1343 4452 qao
1359 4393 1400 4438 cir

268 4477 305 4524 vt
329 4477 429 4524 redeam
453 4474 515 4521 illac
540 4468 650 4516 abesset:
676 4474 706 4515 at
731 4474 811 4524 esset,
851 4467 951 4525 rrrelior,
969 4468 1038 4528 lorrpe
1054 4468 1169 4516 subtilior
1185 4470 1248 4527 illos
1268 4471 1321 4528 Qua·
1338 4474 1399 4518 irard-
