3542 5634
694 499 877 564 LIBER
923 500 948 564 l.

291 691 339 755 At
359 688 486 754 Nouius
511 687 637 772 collega
656 686 761 772 gradu
784 690 861 771 post
883 708 937 751 me
959 685 1050 751 sedet
1071 707 1154 764 un03

290 794 442 877 Namque
459 794 511 856 est
527 790 601 873 ille,
619 794 713 876 pater
730 788 818 874 quod
835 794 904 853 erat
926 810 1028 854 meus.
1055 788 1151 872 „Hoc
1169 789 1231 854 tibi
1248 776 1384 856 Paullus

291 899 337 963 Et
359 894 503 960 Messala
524 891 667 958 videris?
713 892 783 974 „At
805 891 876 974 hic,
901 891 930 956 si
952 892 1078 977 plostra
1100 891 1257 974 ducenta,

290 1001 557 1081 Concurrentque
578 995 649 1060 foro
674 995 738 1060 tria
759 994 875 1060 funera
898 1017 1034 1080 magna,
1060 995 1190 1060 sonabit

290 1103 420 1170 Cornua
443 1100 531 1186 quod
552 1099 728 1184 vincatque
753 1099 867 1176 tubas3
893 1098 1019 1181 saltem,
1035 1103 1127 1164 tenet
1149 1098 1210 1162 hoc
1235 1101 1330 1162 nos.“

288 1207 385 1270 Nunc
409 1204 451 1269 ad
474 1225 527 1268 me
549 1203 644 1268 redeo
667 1203 821 1268 libertino
844 1207 937 1288 patre
960 1207 1095 1284 natum,

290 1310 395 1388 Quem
418 1307 539 1371 rodunt
561 1328 674 1371 omnes
699 1306 853 1371 libertino
875 1309 968 1391 patre
992 1310 1123 1370 natum:

288 1413 403 1492 Nunc,
429 1407 506 1494 qnia
530 1430 605 1474 sum
629 1408 707 1492 tibi,
732 1409 924 1490 Maecenas,
950 1407 1132 1489 convictor,
1156 1411 1192 1472 at
1215 1407 1311 1490 olim,

289 1514 384 1594 Quod
406 1511 490 1576 mihi
512 1518 640 1597 pareret
663 1512 750 1596 legio
774 1512 926 1576 Romana
945 1511 1089 1607 tribuno.

289 1616 461 1682 Dissimile
484 1617 544 1680 hoc
568 1616 620 1680 illi
643 1622 710 1695 est3
735 1616 811 1702 quia
834 1638 917 1699 non,
942 1621 981 1680 ut
1003 1615 1099 1682 forsit
1122 1615 1277 1680 honorem

287 1722 363 1784 Iure
386 1719 470 1783 mihi
492 1719 640 1785 invideat
663 1720 789 1805 quivis,
813 1720 862 1785 ita
885 1727 918 1785 te
941 1741 1070 1806 quoque
1093 1719 1255 1801 amicum,

288 1822 485 1888 Praesertim
508 1826 641 1887 cautum
664 1822 782 1908 dignos
805 1824 991 1906 adsumere,
1016 1845 1117 1908 prava

285 1924 477 1991 Ambitione
500 1926 622 2011 procul.
671 1927 816 1992 Felicem
839 1927 945 1992 dicere
968 1949 1035 1991 non
1058 1927 1119 1992 hoc

286 2029 341 2093 Me
363 2029 503 2113 possim,
528 2052 606 2095 casu
629 2029 717 2115 quod
741 2036 773 2095 te
796 2029 932 2094 sortitus
957 2029 1108 2094 amicum.

285 2131 388 2197 Nulla
410 2132 533 2197 etenim
555 2133 638 2197 mihi
662 2137 695 2197 te
717 2131 784 2197 fors
808 2132 949 2210 obtulit3
974 2132 1118 2217 optimus
1143 2131 1223 2196 olim

285 2234 463 2319 Virgilius,
487 2242 564 2322 post
586 2238 672 2302 hunc
696 2236 816 2301 Varius
840 2237 950 2302 dixere
973 2236 1053 2322 quid
1076 2257 1190 2302 essem.

285 2337 334 2403 Ut
355 2338 432 2404 veni
455 2360 579 2423 coram,
604 2339 779 2424 singultim
802 2362 906 2425 pauca
928 2341 1101 2426 loquutus,

239 2444 347 2505 deiectus
360 2457 508 2520 Iugurtha.“
534 2457 576 2507 Sic
592 2472 680 2521 nempe
698 2457 787 2507 (111111-
864 2458 1073 2521 Concurrentque
1082 2456 1313 2520 seroiriasaneea
1326 2475 1377 2507 ma·

238 2536 481 2596 matini-credebant,
498 2538 564 2584 unde
580 2537 605 2583 in
628 2537 732 2584 vetustis
749 2537 786 2584 ed.
828 2553 879 2598 qna
900 2539 1001 2587 sanabit
1035 2536 1138 2585 oanan
1159 2539 1226 2599 qaod
1245 2540 1378 2601 vincatque

239 2613 364 2665 Sallustii:
382 2618 413 2666 Si
428 2619 500 2679 capis
515 2618 628 2678 ipnatam
645 2617 788 2678 Iupurthae
830 2618 913 2664 tubae.
947 2616 1016 2665 Acro
1033 2614 1173 2663 annotavit:
1196 2614 1269 2674 „Aut
1286 2631 1377 2679 nrapna

238 2709 336 2743 noerae
353 2697 445 2744 letam:
472 2696 595 2756 Tarpeiae
610 2696 684 2757 rapis
700 2695 787 2755 palene
828 2708 937 2755 carnae,
954 2693 1377 2757 autumpnafanera,autmapna

238 2774 274 2820 ad
290 2775 342 2821 ima
358 2777 434 2824 venit.
467 2773 534 2822 Vide
551 2772 618 2822 Cart.
639 2774 671 2820 ad
689 2772 787 2834 Iugurt.
827 2775 940 2833 sonabit,
956 2788 1001 2836 pro
1017 2788 1118 2835 niapne,
1133 2778 1161 2820 ut
1178 2772 1252 2836 Virg.
1268 2773 1378 2834 infanda

240 2853 295 2900 114.
323 2852 434 2902 Cadmus
453 2853 529 2901 fuisse
549 2851 640 2900 dicitur
662 2853 786 2914 carnifex.
821 2851 980 2913 furentem.“
1008 2851 1137 2914 Optimum
1154 2851 1239 2914 procul
1255 2852 1329 2901 dnbio
1340 2859 1377 2901 est

238 2928 358 2979 Carnifex
375 2933 440 2980 idem
457 2938 511 2979 erat
521 2937 603 2978 eustos
614 2930 730 2978 carceris:
741 2945 787 2977 un·
827 2945 920 2991 mapna
929 2931 1037 2991 funera.
1060 2929 1192 2979 Herbstius
1214 2931 1259 2993 qui
1281 2931 1377 2981 videret

236 3009 269 3056 de
285 3008 368 3057 Plaut.
384 3009 451 3057 Rue.
468 3007 519 3056 111.
536 3021 575 3054 vr.
599 3008 635 3056 19.
662 3009 788 3069 huncqui
828 3007 953 3070 iungenda
964 3021 1017 3054 esse
1029 3025 1118 3070 acapna
1125 3012 1314 3072 sanera‚recte
1325 3013 1377 3060 ani·

236 3091 273 3136 ad
296 3088 440 3150 carnificem
466 3089 603 3135 traderent.
648 3085 722 3146 Quod
747 3086 787 3134 hic
827 3085 973 3144 madvertit,
1000 3086 1027 3132 in
1055 3087 1183 3136 funeribus
1210 3103 1261 3136 non
1287 3091 1375 3153 amplis

236 3165 353 3214 obiicitur
378 3165 473 3214 homini
490 3180 567 3225 novo,
589 3166 655 3213 idem
672 3163 786 3213 Ciceroni
827 3177 877 3212 non
895 3177 988 3212 cornua
1004 3166 1090 3225 modo,
1111 3167 1154 3215 sed
1175 3180 1207 3214 ne
1229 3168 1300 3216 tubas
1322 3170 1375 3232 qui-

237 3245 269 3293 ab
285 3245 392 3292 inimicis
408 3245 574 3303 obiiciebatur,
585 3245 628 3307 qui
639 3243 699 3292 talia
710 3259 785 3293 ausus
827 3243 888 3292 dem'
901 3243 1026 3304 adhiberi;
1043 3248 1109 3307 quad
1122 3260 1218 3295 carana
1229 3248 1314 3296 vincat
1325 3248 1375 3296 suf·

237 3332 301 3372 esset
317 3325 343 3373 in
360 3326 454 3374 civibus
470 3325 599 3374 nobilibus.
620 3324 708 3374 Cicero
719 3326 784 3387 apud
826 3322 912 3382 ficere,
935 3337 1115 3386 supervacuum
1138 3325 1199 3374 adeo
1215 3341 1268 3374 esse
1285 3343 1376 3390 mapsa

236 3405 364 3453 Plutarch.
386 3405 426 3454 22
444 3404 580 3454 Lentulum
601 3403 728 3468 παρέδωκε
747 3405 785 3467 τῷ
825 3405 938 3462 conatii,
955 3410 979 3451 et
995 3403 1056 3452 bene
1073 3410 1199 3466 comparat
1216 3403 1291 3454 Satin.
1303 3403 1324 3453 1.
1336 3419 1374 3453 rx.

237 3484 316 3546 δημίῳ
333 3485 375 3532 καὶ
398 3482 552 3547 προσέταξεν
571 3482 685 3543 ἀνελεῖν,
704 3485 784 3531 iradi-
824 3481 865 3529 25.
887 3483 1002 3530 inuideat
1021 3485 1088 3545 qaod
1107 3489 1132 3532 et
1150 3485 1318 3546 Hermogenes
1333 3501 1375 3548 epo

238 3564 277 3610 dit
293 3563 417 3625 carniJ‘ici.
443 3563 511 3611 Note
523 3561 631 3610 formula
646 3562 673 3608 in
688 3575 716 3610 re
732 3561 784 3618 tali,
825 3569 907 3608 canto.
941 3560 1041 3609 Funera
1058 3562 1174 3609 dicuntur
1190 3569 1373 3626 areanaputo,

237 3641 362 3688 reddenda
368 3641 471 3690 sonasse
482 3641 579 3691 Velleio
592 3640 689 3689 Petere
698 3640 735 3689 II.
743 3642 783 3690 91.
824 3653 888 3702 quae
905 3639 998 3702 insigni
1014 3654 1104 3703 pompe
1120 3647 1145 3689 11
1155 3647 1239 3688 sumtu
1250 3641 1374 3692 celebren-

237 3720 320 3769 Rufns
336 3721 473 3784 Egnatius,
498 3720 615 3777 Senator,
635 3721 783 3782 Augustum
825 3725 878 3776 tur,
895 3717 946 3766 fere
963 3724 991 3765 ut
1008 3720 1063 3766 tadi
1079 3723 1177 3784 maprui,
1193 3721 1263 3783 quie,
1288 3736 1373 3771 seeun-

237 3799 378 3848 interimere
394 3799 622 3857 11111111111111111
638 3805 695 3846 ante
716 3813 782 3858 eum,
823 3798 883 3844 dum
916 3797 1054 3846 Aesonium
1086 3799 1241 3860 Pedianum,
1275 3802 1373 3864 magnis

234 3879 339 3939 publiea
361 3881 515 3927 anctoritate
535 3880 653 3941 oppressi.
695 3880 783 3940 Neque
823 3875 940 3938 impensis
956 3877 1085 3926 dabantur.

237 3958 278 4005 hic
301 3959 431 4018 prioribrn
454 3960 483 4006 in
511 3958 659 4006 ametando
678 3955 784 4019 j'eliciar
855 3954 1006 4004 Doderlinus
1015 3956 1212 4019 quoqnesanera
1221 3957 1372 4019 1119111111-

229 4036 305 4096 fait:
322 4038 471 4099 abditasque
486 4037 591 4095 carcesi,
606 4051 663 4084 cnm
679 4036 784 4083 maedis
823 4034 878 4089 dat,
895 4040 919 4080 et
935 4041 1021 4082 contra
1037 4033 1205 4082 Kirchnerum
1222 4041 1315 4094 tuetur,
1332 4037 1373 4084 cui

229 4114 372 4175 facinoris,
397 4121 502 4164 manem
530 4115 704 4184 dipniscimam
727 4116 783 4161 vita
822 4111 967 4174 displicebat
977 4111 1200 4174 praecipue,.qnod
1205 4113 1310 4173 sunnis
1321 4130 1372 4162 nin-

235 4193 362 4240 eaaatiit.
379 4190 489 4241 Coniicio
502 4192 631 4242 Velleium
642 4191 782 4254 scripsisse:
822 4193 866 4252 pai
881 4188 979 4236 nullum
995 4189 1137 4252 exemplum
1153 4190 1318 4251 invenustum
1334 4207 1371 4241 os·

139 4292 141 4295 ·
237 4273 396 4333 nuditateque
412 4273 533 4336 carnifici.
560 4271 610 4332 Qui
627 4271 723 4335 publica
739 4286 783 4319 au·
823 4270 926 4318 tendens
943 4268 1156 4332 emplastrum,
1176 4270 1296 4330 publica,
1318 4285 1371 4319 cen-

236 4349 349 4397 ctoritate
369 4351 479 4412 oppressi
505 4350 711 4408 condemnantur,
739 4351 784 4400 hos
822 4351 890 4397 ceria
903 4347 1076 4396 invenirizcur
1087 4347 1252 4410 improbemus
1265 4355 1371 4412 mapna?

236 4431 335 4477 carceri
361 4430 459 4478 abditos
483 4429 555 4491 quasi
583 4427 681 4476 clame
702 4429 784 4478 medio
823 4428 912 4490 Neque
929 4441 975 4490 ego
991 4426 1032 4474 hic
1048 4425 1190 4489 exemplum
1207 4425 1316 4476 eiusdem
1329 4442 1371 4476 vo·

202 4568 205 4571 ,
237 4507 298 4565 tolli,
315 4521 365 4555 non
382 4507 492 4555 dicimus.
825 4507 859 4554 cis
876 4505 970 4569 requiri
987 4505 1099 4554 arbitror.
