3542 5634
402 521 445 582 tto
793 515 1143 582 SATIRARUM

448 700 557 779 Quum
581 721 630 764 res
655 699 727 784 ipsa
749 698 838 764 ieret
887 698 962 764 Nisi
984 699 1099 764 dextro
1122 705 1269 783 tempore
1297 701 1409 766 Flacci

445 803 553 867 Verba
575 824 632 886 per
655 807 815 866 attentam
840 823 906 866 non
930 801 1027 866 ibunt
1050 801 1199 867 Caesaris
1222 825 1349 881 aurem3
1447 830 1456 840 ·

450 906 512 972 Oui
537 906 623 971 male
648 906 676 970 si
699 905 846 991 palpere,
870 905 1055 969 recalcitrat
1077 905 1222 990 undique
1245 911 1372 971 tutus.“

448 1011 602 1093 „Quanto
626 1009 745 1076 rectius
769 1009 847 1090 hoo,
872 1030 972 1093 quam
995 1007 1084 1072 tristi
1107 1008 1233 1072 laedere
1255 1030 1351 1074 versu

448 1115 666 1180 Pantolabum
691 1135 836 1180 scurram
858 1112 1169 1195 Nomentanumque
1191 1118 1363 1196 nepotem,

403 1276 460 1336 ipsa
462 1273 534 1336 sert:
547 1274 628 1322 Illinc
636 1275 684 1320 huo
693 1272 865 1335 transferetur
873 1271 950 1331 tirno.
989 1269 1075 1324 credo,
1092 1269 1118 1315 in
1134 1269 1329 1331 comparatione,
1351 1268 1500 1330 praesertim
1517 1269 1545 1314 in

403 1352 469 1400 Hinc
484 1350 530 1399 illa
541 1351 726 1408 historicorum,
735 1357 763 1397 ut
775 1348 891 1400 Sallustii
902 1346 950 1398 Ca·
991 1346 1087 1404 Satira,
1103 1361 1254 1410 quemqnam
1270 1346 1420 1404 offenderet,
1437 1346 1459 1393 si
1476 1345 1545 1407 lege·

403 1429 438 1478 tit
455 1431 489 1478 V.
525 1431 577 1479 Res
593 1430 950 1491 ipsehortorioidetur‚quo
989 1433 1073 1473 retur:
1098 1426 1149 1474 Gai
1165 1429 1230 1474 ntale
1245 1441 1324 1488 mana
1338 1428 1449 1488 palpare
1464 1427 1546 1474 recol-

403 1511 473 1557 niam
494 1511 524 1558 de
540 1510 648 1556 moribus
664 1509 776 1556 deitatis
793 1512 891 1568 tempas
906 1509 950 1554 nd·
990 1506 1084 1562 atrae,
1112 1505 1222 1567 andiqae
1249 1510 1329 1553 tatere.
1372 1505 1476 1566 Fquus,
1505 1503 1547 1550 cni

404 1587 512 1642 retonuit,
532 1601 612 1647 supra
633 1591 751 1648 repetere.
784 1585 834 1634 Ubi
858 1585 952 1634 similia
989 1581 1068 1643 male,
1083 1589 1193 1644 tempore
1208 1596 1258 1630 uon
1274 1583 1481 1646 opportunoqnis
1493 1581 1546 1644 pal·

403 1664 532 1712 annotavit
549 1661 616 1712 Cort.
634 1663 708 1712 Adde
725 1662 838 1713 Oudend.
856 1663 950 1725 adAp-
990 1668 1075 1723 pater,
1097 1661 1192 1709 nolenti
1212 1662 1290 1723 igitur
1311 1670 1336 1711 et
1356 1662 1437 1710 invito
1458 1661 1546 1724 palpa-

404 1741 456 1805 pul.
473 1742 577 1790 Metam.
593 1741 642 1791 IV.
659 1757 682 1804 p.
698 1739 764 1794 247.Ι
782 1744 834 1790 Res
849 1757 879 1790 oo
891 1748 951 1790 tem-
990 1747 1045 1798 tur,
1062 1739 1212 1796 recalcitrat,
1234 1748 1259 1788 et
1278 1741 1388 1804 undique
1404 1747 1490 1798 cavet,
1514 1755 1547 1788 ne

402 1836 453 1884 pur
468 1823 551 1884 ipram
567 1823 674 1870 locorum
691 1827 716 1870 et
731 1822 952 1884 epelnnoaeillias,
991 1825 1119 1881 tangatur:
1137 1818 1269 1881 palpaturo
1284 1819 1394 1882 undique
1410 1819 1492 1867 caloes
1510 1821 1546 1867 in·

404 1900 951 1964 qnamlatronesinhabitabantdeocriptio·
991 1905 1078 1946 tentat.
1110 1898 1184 1959 Equo
1204 1899 1302 1961 palpari
1321 1898 1416 1957 solent,
1433 1908 1462 1946 ut
1477 1915 1505 1945 v.
1524 1913 1546 1946 c.

404 1995 460 2027 nem
477 1994 599 2041 exponere
617 1979 734 2040 floqt'tat.
768 1978 816 2026 Est
839 1978 901 2025 adeo
925 1978 952 2025 in
992 1978 1018 2025 in
1035 1978 1113 2040 pratis
1136 1979 1245 2040 pascenti
1263 1979 1331 2028 frene
1348 1980 1461 2027 iniiciant
1476 1993 1546 2028 eum·

404 2055 511 2105 formula
527 2058 594 2106 notio
609 2057 730 2118 quaedam
746 2057 953 2114 necessitatis,ab
992 2073 1040 2121 que
1061 2058 1168 2121 capiant.
1202 2057 1402 2109 Commentator:
1423 2059 1470 2119 „Si
1491 2061 1546 2124 quis

405 2137 451 2186 hoc
467 2137 522 2186 loco
532 2136 635 2185 alienae.
660 2137 806 2200 Augustum
817 2135 952 2185 nonvalde
992 2138 1051 2186 ficta
1067 2137 1207 2186 adulatione
1224 2140 1385 2202 aggrediatur
1401 2138 1547 2198 Caesarem,

405 2223 483 2276 amat,
506 2217 549 2279 qui
570 2231 596 2264 se
613 2217 639 2264 in
655 2231 684 2265 eo
700 2217 823 2264 laudando
839 2216 885 2264 sibi
902 2230 952 2264 non

370 2312 372 2316 ¹
405 2295 547 2343 defuturum
564 2295 705 2357 profitetur,
721 2298 744 2343 si
755 2311 795 2344 ree
806 2297 863 2356 ipso
869 2296 953 2356 seret,

406 2388 444 2421 res
461 2375 515 2436 ipsa
531 2372 684 2432 admonebit,
701 2373 850 2429 hortabitur,
867 2373 952 2420 incita·

406 2452 454 2509 bit,
471 2452 595 2501 v'olentem
612 2451 736 2500 nolentem
753 2460 830 2516 coget.
860 2452 953 2500 Treba-

407 2533 456 2581 tius
472 2532 596 2595 cupiebat,
614 2539 654 2590 ut,
671 2532 795 2593 sisortem
806 2532 953 2594 Augustum

407 2615 548 2675 praedicare
564 2626 614 2660 non
630 2618 719 2674 posset
732 2625 789 2658 eum
803 2612 955 2672 praedicaret

407 2693 508 2740 iustum.
541 2691 596 2739 Hoc
619 2690 737 2747 facerem,
766 2689 849 2751 inquit
875 2691 954 2738 Hora-

408 2771 469 2828 tius,
490 2770 513 2818 si
532 2777 628 2831 tempus
651 2773 714 2816 esset
735 2774 914 2830 opportunum,
931 2776 956 2817 et

408 2848 483 2896 verba
505 2863 560 2896 mea
580 2863 624 2911 per
645 2854 765 2896 attentam
782 2861 866 2895 aurem
883 2848 955 2897 irent.

408 2929 484 2978 Nunc
505 2928 568 2975 illud
589 2933 686 2989 tempus
707 2941 758 2975 non
782 2933 826 2974 est.
859 2927 956 2988 Exspe-

408 3007 479 3055 ctabo
494 3006 582 3069 igitur,
600 3006 677 3054 donec
693 3021 732 3054 res
747 3007 802 3067 ipra
818 3005 865 3053 hoc
882 3004 957 3064 serat,

409 3094 437 3134 ut
461 3086 606 3148 Augustum
631 3085 735 3133 laudare
756 3086 847 3148 possim
868 3098 897 3132 ac
913 3085 955 3132 de·

409 3163 487 3212 beam.
521 3165 553 3213 In
570 3179 610 3221 ee,
628 3171 656 3212 ut
672 3164 795 3220 dicebam,
812 3178 862 3211 uon
878 3163 956 3210 cerni·

410 3252 450 3291 tur
466 3245 575 3291 studium
593 3250 617 3292 et
633 3243 766 3306 cupiditas,
783 3257 845 3305 quae
862 3242 889 3288 in
906 3241 957 3290 He

410 3323 474 3370 ratio
498 3328 660 3384 exspectatur.
702 3322 778 3369 Haud
803 3321 849 3369 sibi
875 3321 959 3368 deesse

411 3402 493 3460 debet,
511 3399 587 3449 simul
604 3409 677 3464 atque
694 3417 734 3450 ree
749 3401 828 3465 seret.
862 3401 959 3462 Legen-

410 3482 470 3529 dum
490 3487 562 3544 puto:
584 3482 667 3528 Hand
687 3482 749 3528 arilei
772 3482 842 3528 deero
874 3481 960 3537 Quom

411 3576 452 3609 ree
468 3563 521 3608 iata
531 3560 609 3621 seret.
645 3561 716 3616 Ista,
734 3561 836 3617 illudo
848 3558 960 3611 Trebati,

412 3639 478 3700 quod
495 3653 510 3705 a
526 3651 566 3685 me
583 3637 658 3698 petis:
669 3638 753 3698 feret,
770 3638 890 3699 patietur,
906 3651 959 3698 per-

413 3717 508 3771 mittet,
525 3729 602 3778 quum
618 3729 645 3764 se
660 3715 708 3762 ista
719 3715 818 3764 dabunt.
844 3715 960 3778 Ineptum

414 3803 439 3843 et
455 3793 559 3842 stultum
576 3799 613 3841 est
623 3793 715 3841 dicere:
728 3795 797 3842 hand
808 3794 870 3842 eraldi
881 3796 961 3852 deero,

412 3877 435 3922 ei
456 3888 496 3922 ree
512 3873 569 3934 ipsa
579 3872 657 3935 feret.
769 3863 776 3876 ’

448 3953 498 4002 Cui
515 3954 579 4001 torale
594 3954 617 4001 si
630 3953 748 4016 palpare,
758 3954 906 4003 recalcitrat
916 3968 962 4001 nn·

413 4034 487 4096 dique
512 4038 592 4082 tatas.
626 4034 777 4098 Interpretes
803 4031 962 4096 comparatio·

413 4126 470 4160 nem
487 4112 576 4160 duram
593 4119 617 4160 et
628 4113 783 4162 inhonestam
794 4119 889 4176 putant.
906 4113 963 4175 Ipse

413 4192 542 4241 Bentleius
553 4206 585 4240 ex
597 4191 671 4243 MSS.
683 4193 799 4257 praeludit
810 4195 895 4242 modos
907 4192 963 4240 sub-

992 2226 1123 2280 repugnat,
1138 2219 1274 2269 contemnit
1290 2226 1315 2268 et
1329 2221 1437 2282 respuit,
1457 2234 1505 2268 nec
1521 2234 1548 2268 se

993 2297 1071 2360 decipi
1096 2299 1213 2359 patitur.“
1255 2299 1306 2347 Coi
1329 2300 1393 2346 rnaie
1417 2314 1499 2360 mone
1524 2305 1548 2346 et

994 2379 1036 2425 cni
1052 2379 1117 2425 nrale
1133 2393 1194 2441 equo
1204 2378 1307 2440 perinde
1318 2385 1362 2426 est.
1379 2377 1450 2426 Vide
1461 2377 1544 2426 Bentl

995 2456 1028 2502 ad
1045 2455 1121 2505 Satir.
1137 2457 1174 2505 11.
1191 2471 1221 2504 11.
1238 2457 1279 2504 59.

1027 2536 1200 2582 Pantolabum
1216 2549 1333 2584 saonam
1346 2536 1546 2582 Nomentanam·

995 2628 1042 2675 qne
1057 2618 1176 2673 nepotem.
1210 2613 1327 2676 Apitzius
1348 2626 1449 2660 versum
1466 2612 1546 2660 eiicie-

996 2691 1056 2748 bat,
1073 2690 1131 2752 qnia
1146 2690 1277 2739 Trebatius
1294 2706 1345 2740 non
1355 2698 1443 2754 putere
1452 2697 1548 2753 potest,

996 2769 1104 2819 satiram
1129 2769 1227 2818 Horatii
1254 2771 1334 2819 solum
1359 2771 1495 2818 conantem
1522 2771 1547 2817 in

997 2848 1136 2898 Pantolabo
1160 2863 1246 2897 scurra
1269 2851 1477 2912 Nomentanoque
1504 2863 1546 2896 ne-

996 2934 1053 2990 pote
1077 2929 1264 2989 proscindendo.
1298 2928 1351 2977 Nec
1375 2936 1428 2977 tota
1452 2928 1547 2985 Roma,

996 3020 1084 3054 scurra
1100 3007 1207 3070 quodam
1223 3014 1248 3056 et
1263 3014 1352 3070 nepote
1373 3007 1499 3065 vellicata,
1520 3007 1546 3054 in

997 3085 1111 3133 timorem
1128 3086 1265 3135 coniicitur.
1299 3088 1334 3136 Et
1346 3087 1410 3134 mihi
1421 3087 1482 3134 olim
1493 3099 1545 3132 ver·

998 3177 1039 3211 sus
1056 3177 1110 3211 esse
1130 3164 1239 3213 intrusus
1261 3165 1401 3219 videbatur,
1423 3164 1496 3212 fictus
1515 3165 1546 3211 nd

998 3240 1140 3303 exemplum
1157 3242 1231 3292 Satir.
1248 3244 1270 3291 Ι.
1282 3257 1382 3291 vr11.11.
1405 3245 1546 3292 Pantolabo

998 3335 1103 3369 tonnae
1128 3323 1334 3384 Nomentanoque
1358 3324 1450 3382 nepoti.
1488 3320 1546 3369 Post

999 3401 1095 3448 laedere
1116 3399 1255 3462 cogitabam
1277 3402 1400 3458 meinos,
1420 3401 1545 3462 marles,

1001 3478 1135 3535 Romanos,
1143 3476 1228 3539 qualia
1236 3477 1470 3541 substantivasaepe
1479 3479 1545 3526 omit·

999 3561 1093 3605 tuntnr.
1128 3556 1177 3606 Sed
1194 3571 1221 3604 re
1237 3556 1342 3620 amplius
1358 3572 1480 3621 perpensa
1495 3572 1545 3606 sen·

999 3636 1102 3683 tentiam
1118 3635 1222 3683 mutari.
1257 3635 1402 3694 Trebatius,
1423 3645 1496 3699 puto,
1512 3651 1546 3684 re·

1001 3716 1084 3779 spexit
1099 3715 1181 3778 ipsum
1198 3715 1272 3764 illurn
1288 3731 1389 3766 versum
1405 3717 1506 3766 Horatii
1518 3717 1546 3764 de

1001 3794 1141 3843 Pantolabo
1163 3801 1187 3842 et
1207 3796 1364 3844 Nomentano
1385 3797 1412 3844 in
1430 3796 1512 3846 Satira
1526 3796 1546 3843 1.

1002 3889 1060 3922 vm.
1083 3873 1184 3922 Baetim
1199 3880 1249 3931 est,
1262 3875 1354 3939 inquit,
1370 3875 1515 3933 Caesarem,
1528 3876 1547 3922 si

1002 3953 1547 4019 nonpotesfortem,atiustnmlandare,quam

1002 4046 1099 4082 scurras
1111 4040 1135 4080 et
1146 4039 1247 4095 nepotes
1257 4032 1364 4092 laedere,
1375 4050 1451 4098 quam
1465 4034 1547 4082 satim

1002 4111 1121 4170 scribere,
1142 4118 1167 4160 et
1186 4111 1284 4160 irritare
1306 4127 1330 4160 v.
1347 4127 1368 4162 c.
1386 4113 1547 4161 Pantolabum

1004 4199 1028 4240 et
1043 4191 1243 4252 Nomentanum,
1260 4198 1288 4239 ut
1305 4191 1415 4240 irritasti.
1450 4194 1548 4251 Quanto

414 4270 536 4319 iunctiroe
547 4271 685 4320 indicativis
694 4275 802 4334 palpare
809 4273 965 4330 recalcitrat,
1005 4272 1097 4318 rectius
1114 4272 1157 4319 hoo
1173 4271 1209 4318 ita
1221 4270 1357 4333 supplenda
1367 4278 1439 4320 sunt:
1453 4271 1549 4332 Quanto

416 4351 457 4411 qui
474 4357 532 4398 sunt
549 4352 574 4398 in
592 4351 647 4400 aliis
665 4350 742 4401 MSS.
777 4353 832 4400 Hoc
857 4352 887 4398 de
904 4350 966 4400 Cae·
1006 4350 1095 4397 rectius
1106 4349 1208 4398 laudare
1219 4348 1364 4399 Caesarem:
1382 4365 1432 4399 uon
1444 4351 1506 4399 bene
1516 4366 1549 4399 se-

417 4442 471 4475 sare
488 4430 562 4477 nimis
580 4430 736 4478 familiariter
752 4430 845 4478 dictum
862 4429 964 4478 arbitra·
1006 4436 1135 4493 queretur;
1152 4445 1227 4492 quarn
1244 4431 1315 4478 tristi
1331 4432 1430 4478 laedae
1445 4445 1525 4478 aaran.

417 4514 472 4565 tur,
499 4522 527 4555 ac
556 4523 631 4569 paene
660 4509 841 4558 contruneliose.
883 4509 967 4565 Nihil,
1040 4508 1174 4557 Doderlino
1202 4523 1299 4572 quoque
1328 4508 1460 4557 Trebatius
1489 4509 1549 4557 hune
