3542 5634
408 566 471 627 170
797 561 1147 628 SATIRARUM

449 750 549 835 Terga
572 750 695 835 plector
718 747 814 812 enim.
864 748 928 828 Qui
951 755 988 814 tu
1011 747 1204 834 impunitior
1226 746 1302 829 illa,

450 854 540 933 Qtrae
561 874 660 938 parvo
684 851 769 917 sumi
792 857 977 937 nequeunt,
1000 851 1137 938 opsonia
1158 852 1288 934 captas?

450 957 576 1041 Nempe
599 956 842 1021 inamarescunt
864 956 980 1040 epulae
1002 955 1073 1021 sine
1095 955 1161 1019 fine
1183 952 1320 1038 pet-itae,

449 1060 608 1145 Illusique
630 1059 727 1144 pedes
750 1058 908 1124 vitiosum
930 1058 1012 1124 ferre
1034 1063 1186 1123 recusant

450 1162 583 1247 Corpus.
630 1162 684 1227 An
707 1160 760 1227 hic
783 1167 911 1246 peccat,
936 1163 997 1227 sub
1020 1167 1150 1227 noctem
1172 1159 1227 1246 qui
1250 1179 1330 1243 puer
1352 1180 1450 1223 uvam

450 1265 586 1330 Furtiva
607 1270 715 1331 mutat
739 1264 877 1350 strigili3
902 1265 959 1350 qui
981 1264 1114 1350 praedia
1135 1262 1267 1345 vendit,

449 1368 507 1432 Nil
530 1369 662 1452 servile,
685 1368 782 1453 gulae
805 1390 937 1453 parens,
962 1369 1083 1435 habet?
1127 1367 1238 1449 Adde,
1262 1365 1349 1451 quod
1370 1363 1456 1428 idem

449 1470 524 1535 Non
546 1472 659 1537 horam
682 1476 790 1536 tecum
813 1492 884 1536 esse
907 1476 1017 1556 potes,
1042 1493 1108 1535 non
1131 1469 1200 1535 otia
1221 1472 1328 1543 recte,

405 1637 769 1700 nequeunt,opsaniaeaptas?
793 1638 891 1687 Verum
902 1645 951 1687 est:
991 1654 1067 1701 quam
1091 1638 1193 1699 decepti.
1234 1635 1331 1683 Tamen
1356 1633 1428 1681 illusi
1452 1645 1537 1679 veram

406 1730 452 1779 ego
468 1714 563 1778 plector
580 1720 662 1776 tergo,
679 1716 951 1781 haecestmeapoena.
991 1729 1044 1764 cese
1059 1716 1208 1778 scripturam
1219 1728 1269 1762 non
1280 1714 1392 1762 arbitror.
1417 1710 1538 1761 Desidero

406 1793 448 1841 Tu
465 1800 548 1841 sutcm
564 1808 614 1842 non
631 1809 657 1843 es
674 1795 828 1857 impunitior,
850 1802 877 1843 tu
894 1809 953 1842 vero
991 1794 1181 1859 aliquid,qusle
1190 1794 1294 1849 metati,
1306 1792 1406 1853 inflati,
1417 1793 1523 1853 collapsi
1527 1808 1537 1849 ‚·

405 1878 433 1920 nt
451 1874 528 1928 arira,
551 1878 579 1920 iu
600 1877 680 1936 niaqis
696 1875 791 1937 puniris
814 1876 841 1923 in
863 1880 953 1923 stoma-
991 1875 1073 1938 ipsum
1088 1873 1204 1932 verbum,
1225 1872 1329 1921 Horatio
1349 1871 1466 1933 dignum,
1489 1868 1537 1918 for·

407 1951 467 2007 cho,
493 1966 568 2014 quam
586 1967 632 2014 ego
648 1954 674 2001 in
691 1960 769 2017 tergo.
803 1956 897 2013 Enim,
921 1954 952 2002 si·
991 1961 1057 2003 tasse
1073 1952 1115 2001 alii
1137 1953 1164 2000 in
1185 1958 1293 2000 mentem
1315 1949 1405 1999 veniet.
1438 1949 1539 1997 Interea

407 2028 563 2091 gnificatione
574 2030 737 2091 adversandi,
754 2033 819 2095 apud
830 2030 952 2089 Comicus,
992 2033 1068 2082 affero
1083 2031 1165 2081 locum
1186 2030 1293 2081 Senecae
1314 2030 1392 2092 Epist.
1409 2029 1449 2077 95.
1485 2030 1540 2087 Qui

405 2123 465 2172 quos
474 2109 592 2158 Horatius
604 2111 739 2161 nonaemcl
747 2111 952 2173 imitatur,saepe
993 2112 1081 2175 (cibus)
1100 2117 1233 2175 postquam
1253 2112 1347 2173 eoepit,
1368 2123 1418 2158 nan
1437 2108 1472 2157 ad
1493 2110 1539 2157 toi-

406 2189 432 2236 in
448 2189 567 2252 principio
583 2190 698 2239 orationis
715 2191 826 2253 ponitur,
847 2188 951 2237 alibra-
995 2194 1108 2249 lendum,
1132 2191 1176 2239 sed
1202 2190 1237 2237 ad
1262 2188 1418 2236 irritandam
1439 2186 1540 2250 samem

405 2268 447 2317 riis
464 2282 514 2317 non
525 2268 681 2318 intellectum.
715 2269 798 2319 Plaut.
809 2270 865 2319 Mil.
882 2270 952 2321 Glcr.
992 2272 1088 2333 quaeri,
1104 2276 1130 2319 et
1146 2270 1262 2317 iriventae
1277 2264 1539 2316 mntrndleccnditu-

405 2348 442 2396 11,
459 2362 486 2395 V.
505 2349 543 2397 19.
569 2351 603 2396 P.
618 2350 688 2407 Quid
698 2349 807 2397 indua?
833 2350 859 2398 S.
871 2350 952 2397 Enim
993 2365 1049 2409 rae,
1065 2351 1156 2411 quitus
1172 2347 1541 2406 aciditaseaecitaretnr5quae
1619 2380 1622 2383 .

405 2442 436 2475 ne
452 2433 546 2476 nosmet
558 2429 743 2488 perdiderimus
755 2430 860 2490 uspiam.
878 2427 951 2477 Ocni.
993 2429 1192 2476 deaidaantibue
1213 2427 1333 2475 deneas
1354 2429 1442 2481 eraut,
1463 2437 1539 2471 onera

405 2502 519 2553 Oudend.
538 2506 578 2577 (ad
602 2506 696 2569 Appul.
724 2506 828 2556 Metam.
854 2506 903 2555 IV,
928 2523 952 2571 p.
993 2513 1052 2556 eunt
1066 2505 1157 2570 plenia
1183 2508 1249 2555 Inde
1261 2506 1540 2569 pellendam-um

404 2586 461 2633 255.
489 2584 653 2635 Ruhnkcnius
670 2586 702 2633 ad
719 2584 829 2633 Terentii
848 2586 953 2636 Phorm.
993 2589 1052 2635 uino
1067 2587 1222 2649 quentium
1239 2591 1346 2642 tremor,
1366 2588 1391 2632 et
1411 2583 1541 2629 iniserabi-

405 2662 954 2728 lv.1v.13.censet,soliscomieis,qu0s
994 2668 1043 2714 liar
1067 2681 1098 2713 ea
1123 2666 1305 2721 meditantia,
1329 2667 1452 2725 qunm'ea
1465 2658 1542 2722 same

405 2742 545 2805 Appuleius
555 2744 804 2802 imitatur,usitatum
816 2746 955 2802 esse,hanc
994 2745 1091 2793 macies.
1115 2746 1181 2792 Inde
1195 2744 1287 2791 incerti
1302 2743 1443 2791 labantium
1453 2741 1540 2802 pedes,

405 2819 552 2882 particulam
574 2822 756 2870 adversativam
778 2823 809 2870 ab
825 2822 896 2872 initio
909 2833 955 2887 po
993 2828 1019 2871 et
1034 2836 1142 2884 semper,
1167 2823 1250 2884 quatu
1273 2822 1300 2869 in
1325 2823 1384 2883 ipsa
1407 2820 1541 2878 aratam,

406 2898 953 2963 nere.GronoviusquidemdeivXXXIV.
995 2902 1123 2950 dimutto
1157 2902 1223 2949 Inde
1246 2902 1274 2948 in
1301 2906 1381 2950 totam
1397 2905 1478 2949 eutem
1494 2900 1540 2946 nu-

406 2981 446 3029 32,
471 2994 521 3029 non
548 2981 582 3028 ita
609 2979 714 3039 censuit,
740 2979 783 3043 qui
808 2980 954 3043 exemplue
994 2995 1048 3029 mer
1065 2982 1205 3039 adrianus,
1222 2980 1396 3042 disceptatque
1412 2984 1506 3027 venter.

406 3060 479 3108 Livio
494 3060 574 3109 affert.
1026 3059 1111 3118 Adde,
1128 3060 1193 3121 quod
1208 3060 1274 3107 idem
1308 3059 1368 3106 Nan
1392 3058 1479 3105 isaram
1504 3062 1540 3105 ie·

440 3140 568 3202 Idaeique
587 3140 661 3202 pedes
676 3129 953 3202 nitasurrrferrerecu·
994 3154 1050 3187 eum
1065 3152 1117 3187 esse
1131 3143 1209 3200 petes.
1242 3137 1332 3185 Davus
1348 3136 1541 3186 adhucitaerat

405 3225 462 3268 sent
488 3219 594 3282 Carpus.
629 3218 823 3268 Commentator:
842 3220 952 3276 „liiusir
993 3214 1104 3276 locutus,
1120 3222 1149 3263 nt
1164 3232 1212 3264 sus
1226 3214 1363 3264 rerbanon
1374 3217 1541 3266 meaedile-

406 3298 564 3355 vacillantes,
589 3296 735 3361 titubantes,
759 3304 886 3359 tamquam
913 3298 952 3345 de·
993 3292 1458 3358 ratiumpertinerentomnls,H0ratius
1467 3303 1541 3354 certe,

407 3377 471 3440 cepti
485 3377 565 3425 multo
581 3378 641 3425 vino
657 3384 681 3425 et
706 3376 782 3424 cibc.“
818 3376 845 3426 Si
869 3376 951 3424 Hora·
993 3372 1014 3421 si
1034 3375 1094 3437 quid
1119 3381 1147 3421 ut
1170 3373 1298 3437 proprium
1324 3379 1480 3437 agnosceret,
1506 3376 1542 3425 sic

406 3458 453 3508 tius
478 3457 574 3521 scripsit
597 3459 678 3515 illusi,
709 3456 828 3519 cogitasse
853 3455 952 3504 videtur
992 3454 1052 3502 setis
1068 3453 1222 3503 dissimulare
1237 3459 1326 3516 posset.
1359 3455 1435 3503 Nunc
1456 3459 1540 3503 summ

407 3534 530 3585 Graecum
548 3534 729 3593 ὑποσκελίζειν,
746 3549 795 3599 qno
805 3535 883 3582 utitur
895 3549 950 3583 ue.
992 3532 1080 3581 Davus
1101 3532 1161 3581 vitia
1183 3532 1237 3580 heri
1252 3532 1291 3579 sui
1307 3541 1366 3580 nota
1382 3538 1433 3579 tam
1450 3533 1542 3583 diserte

406 3613 520 3663 Eubulus
539 3615 569 3662 de
589 3614 658 3663 vinc:
685 3615 767 3672 πολὺς
792 3611 841 3678 γάρ
866 3612 901 3670 εἰς
925 3612 953 3662 ’ἐν
992 3614 1081 3676 carpit,
1099 3620 1127 3661 ut
1142 3612 1185 3661 illc
1201 3612 1305 3676 amplius
1320 3620 1403 3662 tacere
1419 3628 1470 3661 non
1484 3628 1540 3677 pos·

317 3754 318 3759 1
406 3694 493 3757 μικρὸν
502 3692 605 3756 ἀγγεῖον
612 3693 697 3756 χυθεὶς
706 3690 862 3745 ὑποσκελίζει
869 3688 952 3754 ῥᾷστα
992 3693 1032 3741 sit.
1065 3693 1108 3741 Ira
1132 3693 1252 3755 erumpit,
1276 3697 1303 3742 et
1326 3692 1430 3741 damet:
1465 3696 1540 3743 Unde

405 3771 466 3827 τούς
483 3770 642 3827 πεπωκότας.
676 3769 784 3818 Plautus
807 3768 899 3817 Pseud.
917 3768 951 3818 V.
993 3774 1056 3820 neila
1073 3771 1203 3834 lapidem?

405 3863 423 3897 1.
437 3847 615 3898 Lnbiebrius:
625 3850 711 3911 pedes,
724 3848 859 3896 statin'an
882 3848 952 3897 nan?
1025 3854 1085 3900 Non
1109 3852 1162 3900 ota
1186 3857 1253 3900 recte
1277 3852 1383 3901 Ponere.
1425 3852 1538 3914 Expres-

338 3934 340 3941 '
406 3934 430 3976 et
446 3940 518 3975 mox:
536 3943 654 3990 maqnum
671 3929 715 3975 laec
731 3928 951 3977 eitiumainaest:
992 3930 1023 3978 sit
1039 3930 1147 3989 Graeca,
1165 3930 1195 3977 τὸ
1213 3931 1299 3995 παρὸν
1313 3929 1350 3992 εὖ,
1367 3931 1453 3987 καλῶς
1475 3931 1540 3997 ride·

406 4009 487 4057 Pedes
503 4012 592 4069 captat
608 4009 726 4070 primam.
761 4008 886 4056 Luctator
907 4008 949 4056 dc·
992 4010 1065 4071 σθαι,
1078 4016 1106 4057 ut
1116 4009 1142 4056 in
1154 4007 1237 4058 Germ.
1248 4010 1300 4059 111.
1310 4024 1389 4058 mx.
1400 4010 1439 4058 32.
1467 4010 1542 4068 Quod

405 4090 472 4135 lasus
488 4092 532 4136 eat.
567 4086 675 4137 Gronov.
701 4086 726 4133 in
749 4086 818 4135 Lect.
840 4086 950 4135 Plautin.
991 4088 1540 4153 adestnoememaoompcnereaequta.0tia,

405 4182 428 4229 p.
452 4167 508 4218 278.
537 4167 585 4215 istu
611 4166 711 4229 egregie
738 4165 851 4229 explicat.
884 4167 951 4215 Nota
991 4174 1101 4229 tempus,
1118 4183 1158 4217 ree
1174 4167 1217 4215 ille
1233 4173 1300 4216 reete
1319 4170 1405 4229 penit,
1429 4168 1472 4230 qui
1496 4182 1536 4215 re·

405 4254 463 4295 sunt
474 4248 654 4310 supplantare,
662 4248 749 4309 pedem
761 4248 908 4305 subdumre,
920 4248 951 4295 de
990 4248 1081 4295 tionem
1099 4248 1200 4295 reddere
1216 4253 1308 4310 potest,
1325 4262 1368 4295 aur
1384 4249 1418 4297 ita
1433 4249 1464 4296 iis
1476 4262 1537 4296 usus

405 4326 577 4385 luctatoribus;
602 4326 668 4387 qnod
692 4339 742 4373 non
765 4326 818 4374 sine
834 4326 892 4375 dolo
908 4327 949 4376 fit:
990 4326 1035 4383 sit,
1052 4333 1080 4374 ut
1097 4341 1156 4375 usus
1173 4332 1223 4386 esti
1246 4328 1390 4391 metaphora
1406 4318 1540 4391 repetenda

405 4407 471 4453 unde
495 4413 520 4454 et
542 4406 682 4469 ππερνίζειν
698 4406 764 4467 apud
786 4406 894 4455 Graecos
914 4406 949 4455 V.
989 4413 1027 4453 est
1042 4420 1058 4453 a
1073 4406 1186 4464 calculis,
1210 4408 1253 4470 qui
1270 4414 1337 4456 recte
1352 4408 1393 4456 vel
1410 4422 1479 4457 mans
1495 4423 1538 4470 pc

406 4484 436 4533 T.
452 4484 596 4548 interpretes
617 4484 723 4547 figurate
742 4486 852 4547 decipere
873 4486 949 4549 signi-
990 4493 1091 4543 nnntur,
1100 4487 1233 4544 adduntur,
1242 4488 1419 4536 subducuntur.
1436 4488 1539 4537 Terent.

405 4562 468 4612 licat.
503 4565 579 4614 Recte
596 4565 656 4613 adar
674 4563 871 4617 commentator:
888 4572 971 4645 tam-J
991 4564 1118 4626 Adelphis.
1144 4567 1178 4614 V.
1205 4580 1242 4616 rr.
1271 4570 1292 4615 l.
1335 4568 1473 4630 Nunquam
1498 4569 1539 4616 ita

963 4710 977 4736 S
