3542 5634
440 581 499 643 172
829 572 1177 640 SATIRARUM

480 765 520 828 ln
543 764 612 830 vita
634 760 733 826 fuerit
755 760 908 826 melius.“
955 760 1047 841 „Da,
1072 760 1101 824 si
1121 732 1219 843 grave
1242 779 1308 822 non
1331 763 1396 839 est,

480 867 570 947 Quae
592 865 698 952 prima
721 865 840 930 iratum
863 870 1011 930 ventrem
1033 863 1210 949 placaverit
1233 866 1339 927 esca“

479 971 680 1057 „Inprimis
705 970 854 1035 Lucanus
879 991 970 1055 aper:
995 969 1061 1034 leni
1085 968 1150 1033 fuit
1171 967 1294 1033 Austro
1347 1002 1350 1006 ⁴

479 1076 621 1160 Captus,
646 1079 684 1139 ut
705 1073 813 1137 aiebat
834 1094 951 1138 coenae
972 1073 1082 1158 pater;
1106 1071 1192 1136 acria
1213 1071 1350 1152 circum,

477 1177 627 1263 Rapula,
650 1177 813 1258 lactucae,
837 1176 978 1258 radices,
1002 1175 1112 1260 qualia
1133 1175 1258 1240 lassum

478 1280 669 1347 Pervellunt
692 1279 910 1362 stomachum,
935 1278 1030 1359 siser,
1054 1277 1162 1359 halec,
1186 1277 1312 1342 faecula
1335 1276 1409 1341 Coa.

478 1385 541 1450 His
564 1384 622 1449 ubi
645 1383 784 1449 sublatis
807 1405 887 1468 puer
910 1383 976 1448 alte
998 1383 1123 1447 cinctus
1146 1402 1295 1446 acernam

477 1487 629 1572 Gausapa
651 1506 812 1572 purpureo
835 1507 984 1550 mensam
1006 1485 1176 1570 pertersit,
1202 1488 1236 1549 et
1258 1484 1341 1548 alter

478 1590 630 1676 Sublegit
653 1589 878 1674 quodcumque
901 1589 1019 1654 iaceret
1041 1588 1177 1669 inutile,
1202 1587 1350 1673 quodque

478 1694 595 1759 Posset
616 1697 788 1758 coenantes
814 1690 991 1769 offendere3
1015 1696 1053 1756 ut
1075 1690 1188 1756 Attica
1210 1690 1302 1775 virgo

478 1799 562 1864 Oum
585 1797 683 1862 sacris
707 1795 830 1861 Cereris
854 1795 1000 1881 procedit
1022 1795 1133 1860 fuscus
1158 1795 1349 1879 Hydaspes,

476 1903 625 1969 Caecuba
646 1901 724 1966 vina
746 1901 872 1983 ferens,
897 1901 1003 1965 Alcon
1027 1899 1147 1966 Chium
1170 1899 1269 1964 maris
1293 1919 1416 1982 expers.

477 2006 540 2072 Hic
562 2007 677 2071 herus:
701 2004 911 2086 „Albanum,
936 2004 1123 2086 Maecenas,
1148 2003 1217 2068 sive
1240 2001 1415 2066 Falernum

397 2117 403 2128 '
474 2109 517 2175 Te
538 2108 645 2194 magis
669 2106 827 2192 appositis
852 2106 1009 2184 delectat;
1033 2107 1190 2171 habemus
1215 2110 1409 2188 utrumque,

475 2210 616 2275 Divitias
640 2209 816 2274 miserasl“
864 2209 953 2291 „Sed
976 2211 1048 2293 quis
1072 2207 1283 2272 coenantibus
1307 2227 1390 2287 una,

475 2312 646 2394 Fundani,
670 2311 804 2396 pulchre
826 2311 927 2376 fuerit
950 2311 1027 2393 tibi,
1051 2332 1147 2376 nosse
1170 2310 1315 2375 lab0r0.“

476 2416 654 2499 „Summus
678 2435 754 2500 ege,
779 2418 811 2478 et
833 2436 934 2500 prope
956 2437 1008 2479 me
1032 2414 1149 2498 Viscus
1173 2413 1353 2495 Thurinus,
1377 2421 1410 2477 et
1432 2409 1534 2490 infra,

476 2518 511 2584 Si
533 2517 684 2600 memini,
711 2517 847 2599 Varius,
872 2539 947 2582 cum
972 2516 1109 2583 Servilio
1133 2517 1308 2582 Balatrone

473 2621 643 2702 Vibidius,
668 2641 748 2705 quos
772 2620 941 2685 Maecenas
966 2620 1145 2685 adduxerat
1167 2620 1308 2684 umbras.

474 2723 700 2787 Nomentanus
724 2727 793 2786 erat
815 2744 912 2807 super
935 2723 1062 2808 ipsum,
1086 2723 1219 2789 Porcius
1243 2722 1346 2803 infra,

476 2825 646 2890 Ridiculus
670 2829 756 2890 totas
780 2825 879 2889 simul
902 2826 1071 2892 obsorbere
1092 2828 1276 2913 placentas:

475 2930 700 2995 Nomentanus
722 2928 763 2993 ad
783 2928 861 3011 hoc,
881 2929 956 3015 qui,
979 2930 1008 2995 si
1034 2930 1112 3016 quid
1130 2932 1213 2996 forte
1233 2931 1370 3009 lateret,

475 3033 585 3099 Indice
605 3038 801 3097 monstraret
825 3032 946 3117 digito:
968 3056 1046 3098 nam
1067 3041 1193 3100 caetera
1217 3033 1328 3114 turba,

475 3138 558 3219 Nos,
582 3136 734 3221 inquam,
758 3157 932 3202 coenamus
953 3158 1028 3202 aves
1049 3137 1219 3221 conchylia
1239 3136 1364 3222 pisces,

475 3241 587 3325 Longe
610 3238 804 3304 dissimilem
827 3245 906 3304 noto
926 3240 1066 3305 celantia
1093 3263 1241 3306 succum:

462 3392 526 3439 Leni
535 3389 596 3449 fait
612 3394 700 3436 castro
730 3389 835 3449 Captae.
864 3387 972 3451 Elegea·
1015 3390 1035 3438 I.
1053 3404 1071 3438 1.
1088 3391 1129 3439 68.
1157 3393 1247 3439 Nimia
1262 3392 1412 3439 cervicaria
1422 3393 1556 3454 pulchrum

430 3470 490 3518 tius:
508 3469 558 3518 leni
574 3469 615 3515 hic
624 3467 684 3526 scit
700 3473 895 3529 austrocaptca
922 3468 973 3516 Na·
1014 3483 1065 3517 esee
1082 3471 1202 3518 bominem
1218 3472 1302 3517 cintia

430 3548 536 3596 sidienus
564 3547 635 3611 quasi
661 3545 739 3608 digito
766 3553 895 3595 monstrat.
934 3547 974 3595 Ita
1047 3549 1160 3597 Pulchre
1162 3544 1254 3609 faerit.
1275 3547 1380 3596 Plautus
1392 3548 1554 3597 MereatHI.

429 3627 600 3675 Nomentanus
616 3640 652 3673 vs.
668 3625 708 3673 45.
725 3627 748 3673 st
764 3627 824 3687 quid
832 3629 973 3687 sortelate·
1014 3639 1054 3674 111.
1070 3627 1110 3674 21.
1140 3627 1275 3674 obsonium
1294 3643 1424 3684 mamae,
1451 3629 1556 3690 pulchre

429 3712 469 3754 ret
485 3708 574 3754 Indice
590 3707 744 3754 nronatrabat
761 3705 846 3765 diqito.
1014 3705 1557 3769 atanruaffletroniusturnvmtemaaqaoa

462 3785 579 3832 Diuitias
595 3785 706 3830 misaca.
734 3781 897 3838 Nasidienus,
910 3781 973 3830 salsa
1013 3784 1200 3840 manducemus,
1216 3785 1324 3846 pallam,
1337 3799 1390 3834 ora.
1410 3785 1484 3833 Belle
1499 3788 1555 3834 erit.

430 3862 549 3910 modestia
569 3861 701 3924 superbus,
722 3859 782 3908 rina
802 3860 909 3923 pretiosa
930 3875 972 3909 ex·
1048 3861 1115 3908 Nam
1135 3867 1234 3910 caetera
1255 3866 1332 3912 turba
1359 3864 1423 3921 Nos,
1440 3867 1555 3926 uquam,

430 3949 522 3990 tenuat.
566 3940 644 3989 Dives
671 3954 726 3988 sum
756 3941 883 4003 utriusque
912 3940 971 3999 vini,
1012 3953 1142 3987 coenamus
1157 3954 1217 3988 acea
1227 3943 1356 4003 conchylia
1365 3943 1457 4004 piacet,
1475 3944 1557 4005 Lonqe

430 4024 472 4071 sed
494 4020 564 4084 parvi
581 4019 643 4067 facio
659 4020 761 4068 miseras
781 4018 919 4067 istiusmodi
936 4019 970 4066 di·
1012 4019 1155 4066 auctoritem
1171 4024 1229 4068 noto
1244 4021 1354 4069 celantia
1368 4035 1477 4070 mecum.
1498 4022 1555 4070 Non

429 4102 511 4158 vitias,
533 4115 593 4164 quas
619 4097 732 4147 nonnulli
756 4099 817 4146 adeo
841 4099 971 4146 mirantur.
1011 4095 1335 4147 unamedifficultasinhis
1348 4108 1467 4149 moratur.
1484 4102 1554 4149 Nasi-

430 4180 534 4228 Plautus
546 4178 653 4228 Militem
662 4178 796 4241 gloriosum
804 4177 878 4226 simili
888 4191 971 4240 super·
1011 4175 1098 4223 dienus
1115 4184 1140 4223 et
1150 4177 1320 4227 Nomentanus
1333 4187 1411 4227 artem
1422 4193 1554 4228 coenarum

429 4258 469 4306 bia
485 4265 594 4306 utentem
611 4257 681 4314 facit,
698 4265 726 4305 ut
742 4257 796 4318 tv,
813 4272 841 4306 11.
858 4258 904 4313 64,
928 4256 971 4308 ubi
1011 4254 1057 4303 soli
1073 4255 1201 4315 tenebant,
1217 4256 1333 4306 habentes
1350 4264 1375 4306 et
1390 4258 1501 4322 palatum
1516 4275 1552 4308 aa·

428 4337 680 4397 servo,rehementer
690 4336 813 4385 laudanti:
832 4339 892 4385 Heu
904 4337 971 4385 Her·
1011 4334 1202 4396 pientissimum,
1228 4344 1253 4385 et
1274 4338 1445 4386 Nomentanus
1467 4339 1553 4403 funge-

429 4419 465 4464 ele
480 4419 577 4466 odiosas
594 4420 646 4464 res!
666 4423 690 4463 et
707 4430 743 4463 vs.
760 4416 799 4466 71.
835 4417 893 4463 Non
909 4417 972 4463 mibi
1012 4414 1083 4463 batur
1115 4417 1185 4480 quasi
1216 4432 1320 4466 munere
1355 4418 1551 4469 nomenclatoris.

429 4496 539 4543 ovantia
556 4510 660 4557 usquam
677 4497 827 4543 innataest.
855 4495 972 4543 Setaea
1011 4494 1121 4559 Uterque
1145 4496 1221 4558 probe
1237 4495 1326 4545 sciebat
1347 4499 1469 4560 quomodo
1489 4499 1553 4562 quis·

429 4574 583 4622 divitiarum.
615 4573 685 4622 Idem
708 4573 758 4620 iam
779 4573 808 4621 de
830 4587 855 4621 se
875 4573 972 4622 dixerat
991 4610 994 4649 Ι
1011 4589 1059 4636 que
1082 4575 1150 4623 cibus
1177 4583 1241 4625 esset
1264 4577 1416 4639 compositus.
1450 4578 1554 4630 Caetera
