3542 5634
477 692 681 751 Societatibus
703 710 821 765 quoque
844 693 970 749 eruditis
992 702 1057 750 erat
1078 693 1220 765 allectus,
1251 703 1285 751 ut
1312 695 1470 765 Leidensi,
1494 695 1574 750 Har-

436 799 573 869 lemensi,
596 798 739 855 Instituta
761 797 829 854 olim
850 798 960 873 Regio,
991 798 1172 874 Theologico
1198 798 1474 875 Teyleri'collegio,
1497 801 1576 856 aliis.

437 903 631 973 Leidensem,
652 903 820 960 excolendo
844 904 975 960 sermoni
996 904 1183 975 Neerlando,
1209 905 1309 978 magni
1324 904 1464 962 faciebat.
1498 904 1578 964 Con-

437 1010 578 1066 veutibus
607 1009 737 1065 omnium
760 1008 910 1065 sodalium
932 1009 1040 1066 annuis
1061 1018 1109 1066 ter
1125 1019 1155 1066 et
1179 1010 1380 1085 quinquagies
1400 1009 1576 1067 interfuisse

436 1133 495 1170 non
512 1113 643 1168 multum
653 1115 760 1170 aberat
770 1112 843 1185 quin
855 1113 1049 1186 gloriaretur:
1072 1115 1203 1172 laetatus
1228 1123 1309 1172 certe
1332 1122 1394 1185 est,
1418 1133 1486 1171 cunr
1501 1133 1577 1171 una·

437 1215 508 1272 nimi
532 1235 679 1273 consensu
705 1216 804 1272 socius
830 1217 1007 1274 honorarius
1034 1218 1205 1298 diceretur.
1249 1218 1315 1276 Nec
1349 1237 1425 1275 vero
1453 1218 1576 1274 minoris

407 1322 567 1378 -faciebat
601 1321 839 1378 Harlemensem.
884 1322 943 1380 Sed
977 1332 1010 1379 ut
1035 1325 1204 1395 accederet,
1233 1323 1287 1380 diu
1314 1343 1332 1380 a
1358 1341 1389 1380 se
1417 1324 1576 1398 impetrare

437 1446 496 1482 non
523 1427 632 1500 potuit,
667 1425 736 1499 quia
767 1425 939 1483 Ludovicus
971 1428 1113 1503 Napoleo
1138 1427 1305 1485 nominatus
1335 1435 1399 1485 erat
1425 1436 1576 1502 patronus.

435 1532 505 1588 Non
533 1532 637 1588 oderat
662 1532 803 1605 optimum
828 1531 1120 1606 Napoleonidarum,
1152 1534 1203 1607 qui
1225 1519 1374 1590 obtiusam
1396 1533 1454 1590 sibi
1478 1552 1496 1589 a
1517 1532 1576 1588 fra-

436 1644 482 1691 tre
508 1653 614 1692 novam
642 1634 769 1710 patriam
793 1634 877 1692 brevi
907 1653 1006 1693 amare
1035 1635 1200 1704 didicisset;
1224 1640 1275 1694 sed
1308 1646 1395 1695 natus
1427 1639 1458 1695 in
1489 1657 1576 1714 repu-

436 1741 527 1811 blica,
560 1759 666 1816 magna
697 1739 749 1796 illa
780 1739 911 1796 virorum
945 1749 974 1796 et
996 1741 1138 1798 virtutum
1168 1743 1297 1799 omnium
1323 1753 1463 1818 parente,
1486 1763 1577 1819 regno

437 1867 494 1902 non
521 1846 617 1904 statim
643 1845 838 1902 assuescebat.
867 1844 973 1917 Neque
1002 1845 1098 1901 adhuc
1126 1864 1180 1902 usu
1200 1865 1316 1903 eramus
1337 1848 1450 1918 edocti,
1482 1849 1575 1925 impe-

436 1954 511 2009 rium
540 1953 627 2008 unius
660 1958 689 2007 et
709 1951 877 2007 libertatem
898 1956 1005 2006 natura
1033 1969 1093 2006 non
1115 1968 1179 2007 esse
1202 1951 1421 2024 dissociabilis,
1451 1973 1573 2027 eamque

437 2076 495 2115 non
520 2057 627 2114 laetius
652 2057 758 2112 florere
780 2073 867 2128 quam
889 2055 919 2110 in
942 2052 1078 2125 civitate,
1101 2055 1154 2110 ubi
1176 2055 1269 2112 bonae
1292 2056 1376 2130 leges
1396 2065 1574 2131 potestatem

435 2160 575 2236 principis
603 2168 633 2217 et
658 2160 882 2234 magistratuum
907 2165 1087 2234 temperant,
1115 2167 1145 2215 et
1171 2159 1231 2216 suis
1258 2178 1405 2233 quamque
1429 2161 1573 2220 limitibus

313 2262 316 2268 ’
344 2327 347 2330 ,
436 2275 583 2324 coercent.
627 2259 784 2322 Caeterum
810 2265 978 2334 Institutis,
1007 2263 1082 2336 quae
1110 2264 1228 2337 quidem
1256 2266 1294 2321 ad
1321 2267 1420 2324 studia
1442 2276 1571 2325 veterum

433 2373 584 2429 literarum
618 2369 755 2444 augenda
786 2376 817 2424 et
842 2369 951 2424 alenda
976 2370 1174 2442 pertinerent,
1198 2369 1296 2426 minus
1317 2371 1465 2428 tribuebat
1485 2391 1572 2445 quam

434 2477 542 2534 scholis
571 2476 646 2531 bene
673 2472 817 2530 ordinatis
843 2481 874 2529 et
901 2471 1090 2548 disciplinae,
1113 2491 1193 2530 more
1214 2475 1370 2547 maiorum,
1397 2477 1521 2534 sanitate
1544 2487 1573 2534 et

434 2582 591 2639 severitate
609 2579 727 2653 insigni.
750 2577 787 2634 In
807 2594 865 2650 qua
879 2576 1027 2632 sententia
1042 2582 1072 2632 et
1086 2575 1346 2651 Wyttenbacbium
1368 2581 1457 2640 fuisse
1486 2583 1574 2640 Mab-

435 2689 501 2744 nius
523 2686 555 2741 in
577 2684 649 2741 Vita
670 2684 752 2740 illius
773 2687 911 2738 testatur.

475 2791 620 2848 Amicitia
641 2799 758 2856 nostra,
785 2807 823 2843 ex
849 2805 909 2860 quo
936 2786 1061 2845 Leidam
1093 2789 1236 2862 migravi,
1264 2791 1383 2866 integra
1404 2793 1497 2850 stetit.
1540 2793 1573 2852 Si

434 2916 541 2973 capere
564 2895 712 2971 potuisset
732 2895 964 2964 incrementum,
987 2911 1022 2949 eo
1044 2893 1177 2950 discessu
1199 2896 1315 2970 cepisse
1331 2898 1471 2955 dicerem.
1504 2898 1573 2956 Hoc

433 3004 500 3073 ille,
521 3003 551 3058 in
573 3001 707 3076 epistolis
724 2999 915 3073 praesertim,
940 2998 1143 3072 significabat,
1166 3007 1317 3072 tamquam
1347 3021 1406 3058 non
1430 3003 1517 3077 plura
1542 3013 1573 3060 et

434 3108 561 3178 maiora,
579 3125 669 3180 quam
685 3105 750 3180 ipse
767 3104 849 3173 mihi,
862 3121 917 3177 ego
933 3103 976 3158 illi
990 3111 1115 3177 accepta
1126 3101 1239 3160 referre
1254 3105 1405 3161 deberem.
1431 3106 1481 3165 Sic
1494 3116 1572 3164 erat.

435 3214 551 3270 Parcus
571 3213 602 3268 in
625 3210 888 3286 reprehendendo,
911 3208 1061 3281 benignus
1083 3209 1114 3264 in
1129 3208 1297 3280 laudand0,
1315 3211 1363 3267 cui
1379 3213 1491 3286 optime
1509 3214 1572 3269 vel-

433 3319 490 3384 let,
516 3317 596 3373 hunc
621 3324 686 3373 tota
711 3322 811 3372 mente
840 3322 931 3385 atque
960 3313 1039 3368 omni
1068 3313 1194 3368 caritate
1222 3315 1494 3389 complectebatur,
1525 3327 1572 3388 et,

433 3422 514 3496 quod
529 3421 667 3492 sentiret,
689 3420 721 3477 in
742 3437 852 3492 magna
863 3419 1025 3475 verborum
1039 3417 1269 3474 lectissimorum
1283 3421 1370 3494 copia
1386 3421 1571 3479 effundebat.

433 3529 513 3602 Ego,
536 3526 765 3599 Groniuganus,
788 3532 819 3580 et
839 3533 951 3581 natura
972 3523 1075 3598 paullo
1096 3523 1186 3580 aliter
1207 3521 1317 3596 factus,
1340 3544 1444 3602 parem
1466 3503 1573 3582 affabi-

433 3632 550 3689 litatem
570 3631 696 3687 reddere
717 3648 777 3685 non
799 3630 893 3702 potui.
936 3628 1045 3701 Neque
1068 3629 1258 3703 postulabat,
1287 3648 1355 3687 cum
1381 3632 1476 3705 probe
1503 3649 1574 3686 nos-

434 3745 495 3807 set,
518 3736 585 3809 quis
607 3735 723 3792 animus
744 3737 801 3792 sub
822 3735 880 3790 isto
902 3732 1013 3806 frigore
1037 3734 1155 3789 lateret.

474 3841 587 3914 Quanti
608 3859 677 3897 eum
697 3841 898 3910 aestimarem,
925 3847 972 3896 ter
999 3842 1099 3916 palam
1121 3840 1285 3898 declaravi.
1328 3839 1418 3896 Hanc
1447 3857 1569 3912 quoque

434 3946 601 4005 Satirarum
623 3945 858 4002 Horatianarum
887 3947 1108 4016 recensionem,
1142 3948 1276 4004 laborem
1309 3945 1436 4002 fortasse
1471 3953 1571 4001 extre-

433 4069 530 4120 mum,
554 4050 597 4106 illi
619 4050 773 4119 dedicare,
796 4069 941 4126 praesens
962 4051 1117 4125 praesenti
1138 4051 1271 4121 tradere,
1305 4051 1386 4125 apud
1418 4068 1464 4105 me
1498 4067 1571 4104 con-

433 4157 600 4215 stitueram.
645 4155 796 4230 Cogitatio
819 4157 882 4213 fore
905 4163 953 4221 ut,
983 4157 1160 4230 priusquam
1182 4174 1220 4212 ex
1241 4157 1298 4211 bac
1321 4155 1384 4211 vita
1405 4154 1567 4228 migraret,

432 4263 523 4320 semel
545 4262 635 4319 etiam
658 4263 693 4318 de
715 4264 805 4318 rebus
828 4261 964 4336 pristinis
986 4271 1088 4318 nostro
1110 4279 1192 4318 more
1209 4260 1486 4328 confabularemur,
1503 4266 1569 4314 tam

432 4369 492 4424 alte
514 4367 607 4423 menti
629 4377 692 4424 erat
714 4369 822 4438 infixa,
844 4376 878 4424 ut
900 4375 1038 4423 neutrum
1060 4375 1152 4422 antea
1175 4366 1250 4421 mori
1272 4382 1359 4440 posse
1382 4371 1529 4438 putarem.

472 4472 510 4527 Α.
527 4472 555 4526 d.
576 4487 686 4527 xxvm
706 4491 808 4528 mense
830 4472 916 4528 Maio
938 4490 1021 4528 suam
1038 4471 1109 4528 mihi
1126 4469 1250 4544 effigiem
1266 4471 1497 4544 photograptam
1513 4468 1568 4522 mi-
