3542 5634
736 545 775 552 -
1287 527 1321 565 Xl

189 689 241 758 sit,
264 689 367 744 addita
388 689 478 762 longa
500 688 643 762 epistole,
664 688 774 757 literis,
796 675 977 760 quamquam
998 688 1061 762 ipse
1084 707 1135 744 eas
1151 690 1202 746 vix
1218 691 1319 748 videre

189 794 337 867 potuerit,
358 795 435 850 lectu
455 792 603 849 facillimis
624 801 654 848 et
678 791 793 848 nullum
808 793 934 848 dextrae
950 801 1108 850 tremorem
1123 795 1319 868 prodentibus

189 899 368 973 perscripta.
405 896 525 972 Effigies
549 897 684 954 habitum
710 906 740 953 et
766 895 949 952 lineamenta
975 897 1034 953 oris
1050 900 1201 972 totiusque
1218 920 1321 977 corpo-

189 1004 231 1060 ris
253 1002 479 1059 similitudinem
499 1002 590 1076 plane
612 999 780 1070 referebat,
808 1007 843 1056 ut
868 1000 997 1074 epistola
1018 1001 1109 1059 animi
1130 1005 1268 1062 amabilis
1290 1015 1319 1063 ct

189 1106 354 1165 Christiani
374 1106 544 1180 imaginem.
589 1103 712 1181 Nuper,
734 1105 814 1160 inter
834 1105 896 1161 alia
917 1084 1051 1176 dicebat,
1078 1125 1190 1165 annum
1214 1112 1321 1167 aetatis

190 1213 410 1289 uorraqesimum
431 1211 576 1288 inqressus
595 1229 668 1267 sum.
712 1206 749 1267 si
770 1209 908 1286 cuiquam
930 1210 1104 1269 mortalium
1124 1213 1209 1270 beata
1230 1232 1322 1272 senec·

190 1327 237 1376 tus
261 1316 399 1393 contiqit,
425 1313 501 1372 mibi
527 1315 661 1392 oontiqit.
706 1312 811 1371 Mente
837 1313 1002 1390 tranquilla
1027 1323 1055 1372 et
1080 1335 1182 1374 serena
1203 1319 1234 1375 in
1256 1337 1320 1378 aor-

185 1439 261 1498 pore
279 1422 353 1478 satis
371 1439 458 1493 sano,
479 1421 611 1478 omnibus
631 1419 715 1476 rebus
736 1419 806 1476 neeis
826 1427 989 1491 contentus,
1012 1419 1177 1480 domesticis
1186 1442 1320 1500 praeser-

189 1528 244 1584 tim
256 1526 350 1601 felia,
372 1524 448 1584 nibil
467 1523 595 1600 amplias
615 1531 720 1600 optare
737 1524 839 1599 potui,
861 1523 920 1580 nisi
941 1526 1148 1584 amantissima
1170 1529 1227 1585 mei
1241 1547 1320 1586 umor

186 1632 250 1688 iam
269 1630 419 1688 biennium
438 1625 604 1698 ualetudine
625 1627 721 1684 minus
737 1643 883 1702 prospera
904 1633 1046 1685 uteretur.
1091 1628 1196 1688 Liberi
1219 1639 1248 1690 et
1269 1651 1315 1690 ne-

186 1742 270 1812 potes
281 1736 475 1808 fortunatam
491 1733 594 1808 patris
613 1738 641 1788 et
661 1730 713 1788 avi
736 1738 846 1788 sortem
873 1730 1035 1789 cumulant.
1078 1731 1136 1792 Tot
1166 1743 1320 1795 tantorum

188 1838 265 1896 mibi
284 1837 490 1916 beneficiorum
511 1838 653 1908 emamus,
676 1854 752 1894 nuuc
774 1846 886 1904 tamen,
902 1837 1011 1896 lumine
1025 1839 1176 1898 oculorum
1191 1843 1236 1900 ita
1251 1861 1321 1920 cap·

190 1953 249 2016 tus,
280 1951 314 2002 ut
342 1951 494 2021 tamquam
514 1943 545 2000 in
567 1940 672 2000 nebula
693 1960 762 2013 nec,
784 1942 844 1999 nisi
872 1942 994 2000 brachio
1022 1942 1104 2002 ducis
1127 1953 1320 2019 sustentatus,

189 2048 348 2121 ambarum,
369 2057 397 2106 et
418 2048 541 2105 auribus
557 2065 653 2123 paene
672 2044 784 2117 sarde,
806 2045 880 2122 quid
890 2045 981 2124 filiae
996 2048 1070 2106 mibi
1085 2049 1195 2127 leqant,
1207 2071 1321 2128 parum

186 2155 367 2231 percipiens,
393 2153 487 2228 facile
517 2150 669 2228 inteliiqis,
700 2169 790 2228 quam
822 2170 880 2208 non
901 2152 1027 2226 inuitus,
1064 2162 1150 2212 satur
1181 2157 1320 2225 conviva,

189 2260 291 2318 animo
317 2257 457 2316 aduersus
482 2255 617 2314 datorem
643 2255 830 2331 potissimo,
856 2253 1042 2313 discederem.
1086 2253 1146 2315 Sed
1170 2258 1262 2332 banc,
1288 2269 1320 2318 ut

189 2381 301 2440 semper
312 2361 406 2440 feeit,
427 2379 504 2419 nnnc
524 2377 647 2437 quoqne,
669 2357 748 2435 quod
767 2358 843 2416 mibi
863 2360 1008 2436 optimum
1022 2360 1243 2440 sit,fucturum
1257 2384 1322 2423 con·

180 2467 261 2543 fido.
305 2465 428 2524 Interea
449 2483 544 2522 meam
565 2463 619 2521 tibi
635 2463 761 2542 ffqiem
782 2463 859 2521 misi.
895 2462 968 2521 Mos
988 2465 1059 2538 iste,
1085 2475 1119 2524 ut
1146 2469 1237 2541 nosti,
1263 2471 1321 2528 nisi

181 2571 278 2650 juror
297 2573 336 2629 sit
356 2569 509 2641 dicendus,
535 2568 621 2627 bodie
642 2569 733 2646 repet,
760 2578 793 2628 ut
819 2588 904 2627 suam
930 2572 1050 2648 quisque
1060 2572 1199 2651 jiqaram
1222 2577 1252 2632 m'
1276 2576 1320 2634 lu·

190 2679 231 2735 cis
249 2694 415 2753 expressam
435 2675 467 2732 in
489 2672 596 2731 tabella
617 2671 760 2731 ostendat.
804 2671 872 2749 Epo
895 2675 978 2745 meis,
998 2684 1032 2732 ut
1053 2676 1165 2734 ostendi
1178 2686 1320 2755 paterer,

180 2781 395 2859 flaqitantidus
414 2780 548 2838 resistere
564 2799 623 2838 non
643 2781 741 2857 potui.
786 2776 895 2856 Specta
917 2788 1060 2857 quantum
1081 2783 1139 2841 mei
1153 2781 1210 2842 bac
1224 2795 1321 2845 aetate

190 2894 317 2963 saperet,
339 2894 368 2944 et
386 2904 470 2944 cerne
491 2904 532 2943 an
556 2885 782 2944 uetustissimum
802 2885 966 2943 amicorum
984 2879 1134 2964 aqnosaas.
1180 2887 1255 2948 Utut
1268 2885 1342 2966 sit,¹

189 2989 333 3068 quidquid
353 2998 476 3048 enter-na
497 2989 589 3066 specie
613 2995 746 3046 mutatus
767 2989 840 3059 sim,
868 2991 986 3048 animus
1005 2993 1036 3048 in
1055 3000 1083 3049 te
1107 3012 1188 3052 meas
1210 2999 1320 3055 mansit

189 3093 279 3164 idem,
300 3092 432 3170 idemque
452 3090 494 3149 ad
510 3100 674 3149 extremum
697 3092 837 3167 spiritum
864 3093 1001 3151 manebit.

230 3199 316 3255 Haec
343 3207 374 3254 et
399 3215 476 3271 quae
503 3197 591 3272 plura
618 3196 781 3271 scripserat
801 3215 847 3253 me
869 3198 946 3254 adeo
973 3198 1152 3272 adiecerunt,
1183 3214 1217 3258 ut
1244 3205 1319 3261 nibil

190 3303 372 3378 respondere
392 3301 553 3371 valuerim,
575 3301 634 3357 nisi
653 3301 685 3357 id
705 3301 811 3376 ipsum.
855 3301 945 3358 Diem
971 3304 1058 3360 modo
1079 3306 1318 3381 prospiciebam,

189 3427 248 3481 quo
269 3407 452 3464 destinatum
473 3406 501 3462 ei
526 3406 736 3463 munusculum
760 3406 826 3480 ipse
853 3406 1030 3464 Harlemum
1059 3409 1205 3468 afferrem.
1248 3414 1318 3470 Non

189 3514 283 3571 licuit.
314 3513 397 3570 'Ante
419 3529 550 3568 mensem
571 3530 599 3567 a.
613 3512 642 3567 d.
672 3527 720 3566 111.
742 3511 924 3567 Novembris
946 3513 1031 3568 obiit.
1074 3513 1149 3586 Quis
1171 3534 1217 3572 me
1234 3519 1320 3576 dolor

190 3628 252 3676 tum
278 3617 479 3693 percusserit,
505 3617 569 3691 ipse
596 3616 708 3673 nescio.
750 3616 836 3674 Nihil
860 3636 908 3674 me
938 3618 1125 3691 consolatur,
1154 3621 1211 3678 nisi
1237 3626 1318 3697 quod

189 3724 272 3780 Deus
293 3723 354 3779 voti
375 3731 542 3797 compotem
563 3713 648 3793 fecii,
675 3724 757 3795 quod
777 3723 852 3779 satis
872 3723 965 3794 vixit,
987 3724 1013 3780 si
1034 3726 1166 3782 nondum
1188 3729 1264 3799 suis,
1287 3738 1319 3786 at

189 3829 260 3898 sibi,
283 3829 363 3901 quod
384 3827 455 3884 anni
476 3827 565 3883 unius
587 3828 636 3883 vel
657 3827 781 3884 alterius
803 3827 938 3884 accessio
960 3847 1020 3886 non
1043 3828 1206 3888 feliciorem
1220 3835 1319 3891 reddi-

189 3934 292 3990 disset.
324 3933 402 3989 Visu
424 3939 454 3988 et
474 3933 580 3988 auditu
601 3931 776 3988 debilitatus
798 3932 858 3988 alia
879 3930 1007 3990 fortasse
1021 3934 1223 4008 incommoda,
1240 3956 1317 4011 quae

189 4047 272 4095 tanta
293 4045 377 4094 aetas
399 4037 505 4092 afferre
528 4037 618 4107 solet,
640 4037 745 4093 evasit.

231 4146 331 4217 Atque
352 4145 428 4199 haec
449 4144 486 4200 de
507 4143 683 4200 Abrahamo
703 4161 767 4200 meo
790 4142 925 4214 Vriesio,
953 4145 1043 4201 tertio
1065 4147 1116 4204 illo
1138 4150 1317 4222 amicorum,

191 4251 301 4306 diutius
328 4249 457 4323 cognito.
500 4248 560 4304 Hic
587 4266 706 4321 quoque
732 4249 763 4304 in
792 4255 927 4304 extrema
953 4258 1107 4307 senectute
1128 4252 1234 4310 iisdem
1256 4263 1317 4311 stu·

190 4356 247 4411 diis
266 4356 407 4425 ardebat,
430 4354 540 4428 quibus
560 4354 734 4410 adolescens
765 4361 794 4409 et
822 4353 868 4409 vir
898 4351 1088 4428 flagraverat.
1132 4356 1318 4416 Testimonia

189 4462 352 4518 industriae
375 4479 470 4535 pauca
492 4460 639 4534 prodidit,
666 4460 697 4516 in
725 4460 771 4516 his
793 4460 928 4516 libellum
951 4461 987 4516 de
1013 4460 1117 4535 lingua
1139 4466 1317 4535 vernacula,
