3542 5634
410 468 449 528 14
801 463 1152 530 SATIRARUM

452 651 515 716 Est
537 649 655 715 modus
679 648 714 712 in
737 649 852 731 rebus,
877 657 957 714 sunt
979 650 1059 716 certi
1083 649 1222 734 denique
1245 648 1346 731 fines,

451 753 539 834 Quos
563 752 650 816 ultra
673 751 817 836 citraque
839 751 955 836 nequit
977 751 1154 817 consistere
1178 759 1312 818 rectum.

451 856 552 937 Illuc,
576 853 664 919 unde
687 853 769 937 abii,
792 853 896 919 redeo.
944 853 1083 919 Nemon’
1108 871 1143 918 ur
1167 875 1283 920 avarus

452 959 494 1026 Se
516 957 651 1043 probet,
675 979 713 1022 ac
734 956 845 1042 potius
869 956 983 1022 laudet
1004 957 1133 1022 diversa
1156 961 1343 1042 sequentes,

452 1061 609 1146 Quodque
633 1060 741 1125 aliena
762 1059 889 1144 capella
911 1065 1004 1144 gerat
1027 1059 1204 1124 distentius
1228 1059 1323 1140 uber,

451 1165 626 1245 Tabescat,
650 1184 756 1248 neque
780 1184 815 1227 se
836 1161 953 1227 maiori
977 1162 1205 1248 pauperiorum

450 1268 574 1333 Turbae
598 1270 781 1349 comparet,
806 1265 894 1330 hunc
917 1270 1016 1350 atque
1039 1265 1126 1331 huno
1151 1287 1302 1351 superare
1325 1264 1473 1330 laboret?

452 1371 506 1438 Sic
528 1367 703 1434 festinanti
726 1388 854 1451 semper
876 1366 1071 1452 locupletior
1093 1368 1219 1433 obstat:

452 1474 518 1554 Ut,
543 1492 645 1557 quum
669 1469 849 1536 carceribus
873 1469 993 1534 missos
1016 1469 1103 1556 rapit
1125 1470 1252 1556 ungula
1274 1492 1405 1552 currus,

452 1576 563 1640 Instat
584 1572 677 1658 equis
700 1571 816 1658 auriga
838 1593 914 1637 snos
938 1572 1165 1656 vincentibus,
1190 1573 1287 1638 illum

453 1676 671 1742 Praeteritum
694 1680 845 1740 temnens
868 1680 1031 1741 extremos
1055 1673 1142 1742 inter
1165 1682 1305 1742 euntem.

453 1780 535 1845 Inde
556 1778 612 1861 fit,
637 1782 676 1842 ut
696 1799 785 1859 raro,
810 1778 866 1862 qui
891 1799 926 1842 se
944 1778 1067 1845 vixisse
1088 1780 1222 1844 beatum

452 1882 568 1964 Dicat,
595 1885 629 1945 et
652 1884 765 1945 exacto
790 1885 965 1947 contentus
986 1886 1131 1968 tempore
1153 1882 1223 1948 vita

407 2014 433 2060 in
456 2011 549 2061 Latino
570 2023 683 2058 sermone
704 2009 819 2072 usurpari
841 2009 957 2056 ecimus.“
978 2011 981 2057 t
999 2015 1030 2057 nt
1040 2010 1173 2068 omittitur,
1190 2017 1214 2058 et
1223 2018 1320 2059 tantum
1330 2013 1366 2060 616
1377 2010 1481 2073 ponitur.
1499 2009 1548 2056 La·

407 2091 435 2140 Si
452 2089 578 2140 Graecum
593 2087 752 2152 proverbium
769 2087 860 2135 alicubi
876 2093 957 2134 exsta·
999 2089 1080 2138 tinum
1096 2097 1161 2138 erat:
1179 2092 1237 2148 Sic,
1258 2106 1314 2139 611111
1331 2091 1473 2140 carceribus
1489 2091 1549 2136 11116-

407 2176 457 2227 161,
479 2169 569 2217 66111116
592 2168 622 2215 de
639 2182 666 2216 re
682 2168 731 2215 ista
747 2167 851 2215 indicari
867 2174 956 2229 posset.
997 2183 1035 2217 scs
1055 2172 1128 2231 rapit
1148 2171 1244 2232 anania
1266 2185 1372 2218 61111116.1
1395 2167 1548 2218 Doderlinus

407 2248 566 2311 Propertius,
591 2253 657 2295 totns
675 2246 726 2295 fere
747 2245 881 2295 aGraecis
898 2259 957 2306 pen-
997 2249 1082 2294 6161111
1099 2247 1227 2310 sequentia
1243 2247 1330 2295 refert:
1347 2247 1491 2310 qui'eodem
1508 2260 1547 2292 ar-

344 2328 346 2331 ’
405 2327 478 2386 dens,
495 2327 606 2375 imitatus
622 2341 675 2374 esse
691 2328 798 2374 videtur.
831 2326 957 2373 Bsxterus
998 2326 1056 2373 dore
1079 2325 1147 2388 cupit
1164 2325 1276 2382 divitias,
1297 2341 1345 2390 quo
1367 2325 1455 2386 auriga
1471 2325 1547 2372 vieto-

407 2406 567 2468 proverbium
598 2406 634 2452 sic
650 2404 773 2466 concepit:
797 2401 911 2466 διήνεγκε
935 2421 958 2452 rr
998 2403 1073 2451 riam:
1091 2404 1231 2461 stainam,
1248 2405 1381 2467 utauriga
1398 2404 1479 2451 instat.

407 2484 503 2541 Ταναῖς
527 2485 571 2532 rai
597 2481 720 2532 Βισέλλου
752 2481 845 2545 ἑκυρὸς.
889 2481 957 2530 Tum
1031 2484 1207 2531 Praeteritum
1225 2489 1334 2532 temnens
1349 2488 1470 2531 extremos
1480 2484 1549 2531 inter

407 2575 466 2610 vero
487 2577 539 2610 non
555 2568 592 2611 est
608 2562 676 2611 locus
694 2562 775 2610 Tanai
790 2561 895 2622 spadoni
911 2573 958 2608 nec
997 2567 1105 2610 euntem.
1139 2562 1304 2610 Doderlinus:
1321 2563 1546 2623 „eelnt‚quuriin·

406 2654 491 2689 socero
516 2641 617 2689 Visellii
643 2642 774 2698 bominac,
801 2640 904 2688 minime
928 2639 957 2687 li·
998 2645 1037 2688 ter
1065 2645 1188 2689 extremos
1217 2647 1322 2689 euntem.
1364 2640 1465 2701 Quivis,
1496 2641 1547 2688 iarn

407 2719 478 2768 berto
488 2719 640 2768 Maecenatis
652 2727 695 2768 aut
705 2720 864 2769 Plancorum.
884 2719 957 2768 Unde
997 2720 1153 2782 praeteritus,
1172 2720 1274 2782 aurigae
1287 2720 1385 2767 uidetur
1395 2719 1483 2768 similis
1495 2719 1547 2778 illi,

406 2798 474 2845 enim
491 2798 615 2848 Graecum
632 2799 791 2862 proverbium
812 2799 843 2846 de
866 2798 957 2847 Roma·
997 2799 1039 2861 qui
1056 2799 1076 2847 it
1093 2800 1156 2847 inter
1173 2806 1309 2847 extremos:
1327 2799 1415 2860 auriga
1430 2813 1480 2847 non
1496 2814 1548 2848 ces·

406 2877 445 2925 nis
462 2878 532 2926 istis?
997 2884 1047 2934 sat,
1065 2879 1133 2940 prius
1151 2893 1227 2941 quam
1243 2878 1354 2926 omnium
1376 2877 1485 2940 primum
1506 2893 1546 2927 su·

445 2957 488 3005 st:
510 2956 653 3018 festinanti
682 2972 781 3020 semper
813 2957 959 3018 locupletior
997 2957 1096 3020 pererit.
1130 2958 1204 3006 Alias
1226 2958 1274 3004 tria
1296 2957 1385 3005 ultima
1407 2957 1481 3005 uerba
1504 2973 1546 3020 pa-

405 3037 494 3084 abstat.
512 3034 688 3098 cogitaveram
698 3037 728 3084 de
738 3035 869 3083 hocversu
879 3041 958 3084 trans·
998 3049 1052 3082 rum
1063 3035 1227 3098 significant.“
1245 3036 1362 3084 Acuteet
1379 3049 1444 3084 vere.
1466 3036 1547 3085 Hora-

405 3116 529 3177 ponendo:
552 3117 602 3173 Ut,
627 3132 684 3166 enm
708 3115 850 3165 6616611116
872 3115 958 3163 nenses
998 3116 1046 3164 tius
1079 3115 1226 3178 particulam
1254 3115 1446 3177 comparativam
1474 3131 1547 3179 saepe

405 3197 475 3258 rapit
503 3197 599 3258 angula
630 3211 737 3253 61111116,
772 3195 859 3243 Instat
887 3197 958 3256 equis
997 3195 1096 3253 omittit,
1113 3196 1156 3242 sed
1168 3208 1233 3253 raro,
1244 3194 1270 3242 ni
1282 3193 1363 3252 fallor,
1375 3201 1426 3242 tam
1437 3196 1547 3256 obscure,

406 3275 511 3336 61111911,
526 3289 585 3323 61166
602 3276 771 3329 vincentibus,
788 3275 861 3321 ilium
872 3275 956 3321 Prae·
998 3286 1071 3334 quam
1089 3274 1140 3333 hic:
1166 3279 1266 3335 apparet
1291 3272 1331 3320 vel
1356 3287 1389 3321 cx
1414 3285 1456 3332 eo,
1481 3279 1547 3339 quod

406 3355 511 3402 teritum
528 3359 650 3411 temnens,
671 3359 795 3401 extremm
811 3353 879 3400 inter
896 3366 957 3399 enn-
998 3365 1070 3399 nemo
1078 3352 1149 3411 vidit,
1160 3352 1225 3414 quod
1236 3351 1298 3400 vidit
1308 3352 1469 3402 Doderlinus.
1492 3354 1547 3404 Cur

407 3437 470 3480 tem:
489 3432 532 3480 Sic
541 3431 682 3494 festinanti
697 3445 793 3491 semper
810 3429 957 3491 locupletior
998 3445 1046 3477 non
1063 3431 1144 3493 potius
1161 3431 1307 3494 scripsisset:
1322 3435 1496 3482 Praeteritum
1504 3451 1546 3484 ea·

405 3513 495 3559 obstat.
530 3511 606 3559 Nunc
623 3526 638 3558 a
655 3510 817 3572 grammatico
833 3508 956 3556 adiectum
999 3516 1089 3559 tremos
1121 3517 1231 3559 temnens
1256 3512 1324 3559 relat
1348 3513 1415 3560 inter
1439 3520 1546 3562 euntem.

342 3633 345 3636 ,
406 3604 460 3640 esse
472 3590 584 3638 arbitror.
610 3590 657 3646 Hi,
673 3594 799 3636 utnotnm
810 3594 956 3648 est‚saepe‚
999 3589 1039 3639 sie
1061 3604 1135 3638 nemo
1154 3596 1262 3638 mentem
1284 3591 1369 3652 petiae
1391 3606 1441 3639 non
1462 3595 1546 3642 statim

406 3670 472 3734 quod
482 3667 659 3730 comparationi
666 3667 749 3713 deesse
757 3665 889 3727 putabant,
901 3679 956 3726 sup·
997 3669 1168 3717 intellexisset.

405 3749 544 3812 plevemnt.
577 3746 629 3796 Vel
646 3760 712 3792 unus
728 3744 835 3806 Virgilii
850 3743 956 3792 locusin
1030 3750 1132 3796 Exacto
1148 3753 1279 3796 contentus
1296 3751 1473 3811 temporariis
1500 3751 1545 3799 Ce-

407 3827 501 3890 Georg.
522 3825 544 3874 1.
561 3825 617 3874 512.
639 3823 700 3871 satis
723 3823 841 3877 ostendit,
863 3828 957 3885 quanto
996 3828 1042 3874 dat
1067 3827 1107 3873 nti
1131 3827 1233 3875 6611611111
1257 3832 1336 3875 satur.
1372 3827 1400 3878 Si
1425 3829 1545 3878 Horatius

406 3906 543 3969 elegantior
563 3905 617 3953 sine
638 3918 712 3951 versu
733 3903 780 3951 isto
800 3902 844 3950 fiat
864 3902 956 3950 oratio:
996 3905 1134 3966 scripsisset
1150 3907 1229 3964 uitae,
1246 3906 1311 3969 quod
1322 3907 1422 3956 Wakei.
1434 3908 1545 3970 putabat,

410 3986 515 4034 Vicinae
530 3986 614 4047 ruptis
632 3986 699 4031 inter
722 3997 748 4030 se
769 3983 862 4043 legibus
881 3983 957 4030 nrbes
997 3986 1125 4046 iungerem
1136 3985 1298 4045 oitnesatur,
1310 3988 1458 4046 utsuavins,
1470 4003 1545 4051 quam

406 4081 480 4114 arnna
489 4065 600 4128 ferum:
616 4063 698 4111 saevit
711 4067 763 4111 tota
773 4061 851 4109 Mars
861 4061 956 4123 impius
996 4068 1106 4124 tempore
1121 4065 1196 4111 vitae.
1221 4063 1365 4125 Lucretius,
1381 4066 1544 4116 1111161611-

405 4148 468 4196 orbe.
507 4146 558 4197 Ut.
573 4158 650 4206 quum
666 4141 808 4191 carceribus
823 4153 875 4188 6666
890 4139 955 4202 effu·
996 4141 1053 4189 bino
1070 4141 1198 4200 laudatus,
1215 4143 1265 4191 III.
1283 4143 1339 4193 951.
1377 4145 1431 4193 Car
1450 4161 1499 4194 non
1515 4153 1545 4194 ut

405 4226 463 4272 dere
478 4222 628 4285 pandetque,
645 4219 752 4269 Addunt
768 4222 797 4268 in
813 4220 912 4281 spatia,
931 4223 955 4267 et
995 4221 1084 4282 plenus
1109 4220 1176 4268 vitae
1200 4222 1303 4270 convica
1326 4225 1431 4279 recedis,
1459 4226 1545 4286 Aequo

399 4304 509 4366 frustra
542 4303 686 4350 retinacula
716 4301 818 4348 tendens
859 4301 955 4347 Fertur
995 4299 1126 4360 animoque
1142 4300 1213 4360 capis
1229 4315 1353 4362 securam,
1370 4303 1460 4361 stulte,
1477 4304 1569 4364 quie·

405 4382 474 4444 equis
489 4381 594 4442 auriac,
614 4393 693 4440 neque
713 4378 787 4425 audit
802 4392 896 4426 61111116
913 4379 955 4426 lta·
996 4378 1060 4424 161111
1095 4375 1188 4426 Seneca
1204 4377 1286 4440 Epist.
1304 4379 1343 4428 61.
1374 4381 1449 4440 Vici,
1465 4395 1543 4443 qnan-

405 4463 486 4508 benas.
519 4458 614 4505 Eodem
635 4457 708 4504 modo
730 4456 756 4503 in
772 4455 955 4516 comparatione
996 4461 1049 4504 tum
1066 4457 1130 4504 satis
1147 4463 1219 4505 erat:
1238 4465 1341 4508 naariam
1356 4461 1542 4522 plennserspe-
