3542 5634
434 550 496 614 158
812 549 1166 615 SATIRARUM

479 735 614 800 Divitiis
635 735 783 802 homines
806 759 848 802 an
870 737 939 804 sint
961 738 1083 804 virtute
1105 738 1210 816 beati3

477 837 603 918 Quidve
623 839 665 904 ad
684 839 866 923 amicitias,
888 863 968 906 usus
995 846 1178 926 rectumne,
1203 842 1312 907 trahat
1331 863 1407 919 nos3

433 1006 514 1055 Senex
543 1007 689 1056 thesauram
714 1009 821 1066 retinet,
850 1007 974 1070 werram
1013 1011 1181 1072 superducta,
1196 1009 1328 1059 formatum
1344 1022 1377 1056 ex
1388 1006 1560 1058 Graecotrru‘-

494 1085 567 1147 quaet'
1014 1088 1115 1151 γεσθαι,
1133 1087 1287 1154 ἐπεισάγειν.
1304 1088 1449 1152 ἐπιγαμεῖν,
1473 1094 1503 1134 ut
1519 1103 1561 1136 ve·

432 1164 499 1212 riae
514 1166 542 1212 in
564 1166 678 1213 tumultu
700 1167 798 1225 metri,
819 1171 843 1215 et
862 1167 975 1214 εἰπάἰσαΐ
1013 1172 1054 1214 tus
1074 1169 1147 1230 polita
1171 1169 1238 1232 apud
1262 1167 1406 1218 stobaeum:
1432 1166 1446 1216 ὁ
1471 1168 1563 1217 παισὶν

494 1245 551 1292 sibi.
1014 1244 1095 1294 αὑτοῦ
1110 1248 1236 1310 μητρυιὰν
1252 1245 1405 1311 ἐπεισάγων,
1427 1245 1494 1308 quod
1509 1247 1562 1294 iam

430 1322 578 1372 Adolescens
594 1323 700 1371 iudicem
717 1324 800 1386 capim
818 1324 889 1386 apud
903 1339 975 1386 quem
1014 1327 1164 1386 comparavit
1190 1325 1295 1375 Casaub.
1323 1326 1354 1373 ad
1378 1324 1400 1373 I.
1426 1324 1563 1387 Capitolini

495 1416 580 1459 senes,
1014 1404 1092 1452 Mam.
1109 1405 1230 1454 Antonin.
1242 1403 1308 1454 Phil
1319 1405 1368 1453 29.:
1387 1406 1438 1452 Sed
1451 1406 1495 1452 ille
1504 1421 1561 1454 een·

437 1482 490 1539 Qui
511 1485 603 1530 retinet
624 1497 728 1540 aarum,
751 1495 853 1530 causam
869 1481 906 1529 eie
922 1481 976 1542 apid
1014 1484 1129 1531 catinam
1137 1486 1186 1532 stit
1197 1485 1307 1533 adscivit
1315 1485 1492 1545 procuratoris
1500 1501 1563 1535 uac-

492 1562 579 1621 pricr:
1016 1564 1053 1610 ris
1069 1578 1129 1612 suae
1137 1563 1236 1626 filiam,
1261 1579 1293 1612 ne
1318 1568 1355 1612 tol
1376 1564 1460 1612 liberis
1474 1577 1563 1625 saper·

432 1641 612 1689 Athenienses!
645 1636 736 1688 bedam
762 1654 820 1686 eam
847 1639 975 1686 Rhodien-
1014 1644 1116 1691 daenes
1140 1658 1276 1692 aerucam.
1315 1642 1397 1690 Maior
1422 1641 1499 1704 igitur
1526 1649 1564 1689 est

495 1718 566 1766 sibus
1015 1721 1158 1779 anmomtas,
1175 1737 1261 1785 qnam,
1278 1734 1341 1783 quae
1357 1721 1434 1783 vulgo
1450 1719 1565 1778 affertur,

435 1797 509 1855 Quod
520 1796 617 1857 fuerit,
634 1798 696 1859 quid
711 1810 753 1859 eqo
769 1798 810 1845 hie
818 1797 976 1858 praedicem?
1015 1800 1108 1848 Donati
1124 1807 1149 1849 et
1165 1801 1316 1856 recentium,
1333 1801 1399 1848 unde
1414 1815 1475 1849 usus
1493 1799 1566 1849 verbi

1014 1880 1158 1929 ostenditur.
1175 1880 1264 1945 Aeque
1273 1879 1394 1942 castigata
1402 1888 1474 1928 sunt:
1492 1885 1565 1928 trau·

430 1953 553 2003 Non-me
576 1954 659 2012 latet,¹
675 1961 768 2018 quanta
788 1954 821 2001 sit
841 1952 976 2001 similitudo
1014 1962 1093 2008 situm
1112 1962 1253 2009 intenderet
1272 1961 1349 2008 serta
1369 1964 1394 2006 et
1410 1957 1506 2022 frende
1521 1958 1565 2021 se

430 2032 495 2080 inter
512 2033 648 2082 orationem
665 2032 806 2091 Comicam,
822 2032 896 2080 metri
906 2046 975 2094 prae-
1017 2040 1069 2087 liei.
1102 2038 1177 2086 Talia
1192 2037 1565 2100 noveratVirm'liusmtAcn.

430 2113 514 2160 sertim
530 2112 640 2169 iambici,
660 2118 685 2160 et
701 2113 836 2160 orationem
853 2112 976 2160 concisam
1016 2118 1138 2168 1V,506‚
1175 2120 1337 2181 [mendisque
1353 2120 1433 2166 meum
1449 2118 1528 2164 sertis
1538 2122 1566 2165 et

430 2193 574 2254 prosaicam.
609 2192 659 2242 Scd
676 2194 749 2251 haec,
765 2193 796 2240 de
812 2207 861 2255 qna
872 2192 978 2254 agimus,
1011 2195 1106 2257 frende
1125 2203 1229 2246 coronat
1250 2198 1374 2245 Funerea.
1406 2193 1503 2243 Frondi
1516 2194 1566 2256 fu·

430 2271 566 2321 similitudo
590 2273 668 2320 maior
689 2278 738 2329 est,
761 2286 836 2334 qnam
858 2277 887 2318 ut
908 2271 943 2318 sic
963 2286 978 2318 a
1017 2289 1105 2323 aereae
1128 2274 1261 2337 opponitur
1278 2275 1356 2336 frena
1376 2273 1454 2337 felis.
1489 2274 1565 2336 Virg.

431 2349 600 2400 Grammatico
613 2350 791 2413 conciperetur.
817 2350 978 2411 Manuspoii-
1018 2353 1238 2404 Aen,V11.75l,
1272 2354 1371 2402 Fronde
1380 2354 1566 2415 superqaleam

432 2437 473 2478 tae
489 2445 587 2494 quoque
604 2445 654 2478 non
670 2429 772 2478 obscure
789 2429 815 2476 in
832 2434 979 2490 argumento
1018 2439 1043 2482 et
1051 2434 1126 2496 felici
1141 2438 1234 2481 comtes
1249 2433 1323 2480 oliva.
1356 2433 1391 2480 Et
1403 2431 1566 2480 Grammatiei

431 2509 572 2559 Phasmatis
589 2516 702 2573 apparet,
720 2509 786 2571 qnod
803 2515 978 2571 argumentum
1018 2510 1112 2572 antiqui
1136 2510 1271 2558 docuerunt
1292 2510 1424 2558 discrimen
1449 2509 1567 2558 arborum

431 2589 462 2637 ab
471 2591 556 2639 eodem
565 2591 665 2640 Donato
673 2589 708 2637 sic
717 2588 828 2637 refertur.
852 2588 979 2645 „Phasma
1012 2590 1128 2650 feliciam
1146 2593 1317 2650 etjeralium.
1350 2590 1423 2639 Conf.
1446 2591 1566 2654 interpre-

431 2685 522 2719 nomen
539 2681 576 2720 est
596 2670 694 2719 fabulae
714 2669 860 2718 Menandri:
881 2669 908 2716 in
929 2683 979 2731 qua
1017 2676 1054 2717 tes
1079 2670 1111 2717 ed
1139 2669 1220 2719 Gratii
1248 2668 1344 2732 Cyneg.
1370 2671 1428 2721 442.
1452 2672 1567 2720 swuster

432 2764 550 2807 noverca,
575 2749 722 2812 superducta
746 2747 906 2806 adolescenti,
928 2747 977 2795 vir·
1018 2747 1291 2811 remisselieibusura.
1313 2749 1457 2798 Notandum
1468 2763 1568 2813 qnoque

433 2829 529 2891 ginem,
551 2844 626 2892 quam
647 2843 679 2876 ex
695 2827 777 2875 vicino
797 2827 904 2890 quodam
921 2840 977 2874 cou-
1016 2829 1099 2890 priam
1115 2828 1235 2888 adspectu
1250 2829 1373 2889 pulchrae
1387 2829 1505 2890 rufium,
1516 2830 1566 2877 vel-

431 2916 529 2971 ecperat
546 2907 629 2956 birtim
646 2908 775 2966 eductam,
791 2920 847 2954 cum
865 2906 931 2968 apud
941 2905 977 2953 vi·
1018 2911 1048 2953 ut
1068 2906 1179 2954 numinis
1199 2906 1400 2967 absportatae
1425 2907 1568 2955 ahenum

433 2988 517 3036 einum
533 2987 674 3051 proximum
696 2985 797 3034 haberet
817 2986 844 3033 in
863 2984 977 3042 latebris,
1019 2985 1114 3033 Iterum
1133 2983 1226 3047 Virgil.
1249 2985 1316 3034 Aen.
1338 2985 1360 3034 Ι,
1381 2986 1438 3034 613.
1473 2987 1567 3036 Obstu-

433 3068 479 3116 hoc
494 3068 568 3116 modo
584 3081 667 3114 secum
683 3065 788 3114 habebat
799 3066 897 3114 assidue
908 3065 979 3113 nullo
1017 3067 1076 3125 pult
1098 3064 1182 3125 priore
1206 3065 1324 3126 adspectu
1350 3065 1455 3112 Sidonia
1482 3066 1568 3123 Dido,

431 3147 539 3196 conscio:
565 3146 696 3209 parietem,
724 3145 766 3209 qui
793 3146 887 3193 medius
913 3145 979 3192 inter
1022 3142 1091 3192 Casa
1112 3144 1200 3191 minda
1223 3144 1275 3192 viri
1299 3149 1378 3192 tanto.
1413 3142 1463 3191 Ubi
1488 3157 1569 3206 neque

431 3227 535 3276 domum
552 3226 760 3287 maritiacvicini
772 3225 868 3283 fuerat,
881 3224 916 3272 ita
926 3238 979 3286 per-
1019 3236 1076 3268 oum
1102 3222 1206 3270 Heinsio
1231 3221 1364 3284 legendum
1389 3221 1489 3270 videtur
1514 3225 1567 3284 prt-

432 3305 508 3364 fodit,
525 3313 553 3355 ut
569 3306 596 3353 in
607 3308 660 3369 ipso
669 3305 775 3354 transitu
786 3317 884 3352 sacrum
897 3302 980 3350 locum
1020 3316 1100 3359 murra,
1122 3315 1202 3363 neque
1222 3302 1397 3363 explicandum
1417 3301 1490 3365 quasi
1506 3308 1571 3350 esset

432 3399 486 3434 esse
501 3385 635 3434 simularet.
669 3383 783 3447 Cumque
799 3381 932 3430 transitum
943 3382 980 3429 in-
1019 3383 1138 3444 primum.
1171 3380 1230 3429 Non
1245 3381 1351 3429 refertur
1366 3382 1510 3440 adhelario,
1526 3382 1571 3430 scd

432 3463 545 3513 tenderet
569 3465 640 3512 sertis
665 3470 690 3511 et
714 3461 800 3510 fronde
826 3459 902 3518 felici,
928 3475 981 3509 rem
1021 3461 1095 3509 simul
1111 3468 1185 3524 atque
1201 3459 1268 3509 Dido
1288 3461 1393 3508 Aenean
1410 3459 1571 3521 adspexerat,

434 3543 543 3592 divinam
566 3557 637 3606 saepe
662 3541 752 3590 faciens
772 3541 890 3590 evocabat
906 3541 938 3588 ad
954 3555 981 3589 sa
1021 3539 1363 3602 obstupuit,deinde‚audita
1373 3537 1572 3598 illinsoratione,

433 3622 565 3685 virginem.
599 3621 671 3682 Quod
692 3635 748 3668 cnm
769 3619 981 3668 animadvertisset
1021 3621 1149 3683 obstupuit
1164 3633 1261 3683 qnoque
1277 3633 1344 3667 casu.
1377 3619 1426 3668 Est
1447 3624 1477 3666 ut
1499 3621 1571 3676 cidi,

433 3700 585 3755 adolescens,
614 3698 693 3760 primo
720 3699 834 3760 adspectu
863 3696 981 3758 pulchrae
1022 3706 1051 3749 ut
1068 3703 1141 3761 perii.

435 3779 553 3842 virginis.
575 3776 645 3824 velut
661 3776 771 3824 numinis
797 3775 864 3831 visu,
886 3775 980 3837 percul-
1054 3779 1121 3841 Quid
1137 3778 1226 3842 plura?
1243 3777 1308 3828 Sunt
1320 3776 1413 3840 ubique
1424 3776 1501 3825 verba
1512 3791 1572 3826 vere

435 3871 478 3906 sus
502 3854 639 3905 exhorruit.
680 3854 777 3903 Deinde
802 3853 922 3916 paulatim
954 3868 981 3902 re
1021 3860 1166 3917 lectissima,
1183 3871 1234 3906 nou
1250 3864 1333 3905 autem
1350 3855 1511 3916 Scholiastae,
1528 3858 1571 3905 sed

434 3936 548 4001 cognita,
573 3933 665 3983 exarsit
689 3935 715 3982 in
736 3948 846 3982 amorem
871 3933 981 3997 puellae,
1022 3940 1111 3988 veteris
1128 3940 1221 4001 poetae
1239 3938 1304 3985 unde
1321 3935 1458 3986 Scholiasta
1473 3936 1571 3995 sumsit,

435 4018 469 4065 ita
484 4024 512 4065 ut
528 4015 665 4064 remedium
681 4021 763 4062 tantae
773 4013 922 4076 cupiditatis,
934 4016 982 4064 nisi
1023 4020 1096 4082 idque
1120 4018 1297 4082 propemodum
1321 4017 1354 4064 ad
1378 4016 1484 4064 literam.
1521 4016 1572 4067 Sed

435 4111 466 4146 ex
491 4095 596 4159 nuptiis,
620 4109 673 4143 non
696 4093 851 4157 reperiretur.
886 4093 927 4142 Ita
950 4109 982 4143 ex
1023 4098 1083 4161 qnid
1100 4103 1180 4153 vetat,
1197 4097 1329 4160 quominus
1346 4102 1372 4143 et
1381 4095 1429 4144 hoc
1438 4109 1572 4158 argumen-

434 4176 563 4226 commodo
579 4175 665 4223 matris
682 4188 711 4222 ac
726 4173 830 4236 virginis
841 4181 866 4222 et
877 4187 910 4222 ex
927 4183 984 4221 voto
1024 4184 1079 4224 tum
1094 4176 1119 4224 in
1136 4191 1222 4226 versus
1238 4176 1366 4238 redigam?

434 4256 552 4304 amatoris
578 4267 745 4318 consensuque
772 4253 856 4317 patris,
886 4253 983 4316 nupsit-

435 4349 491 4382 rum
503 4333 664 4383 celebratione
679 4333 754 4382 linem
765 4333 853 4396 accipit
863 4331 985 4381 Fabula.“
1027 4335 1099 4384 Huic
1109 4335 1218 4396 fabulae
1237 4334 1378 4383 Menandri
1395 4337 1512 4384 Phasma
1527 4352 1573 4385 uo·

467 4414 554 4463 Verba
569 4427 627 4461 vere
644 4413 791 4472 lectissima,
802 4419 827 4461 et
839 4426 943 4461 auream
954 4410 982 4459 il·
1092 4429 1148 4462 men
1163 4419 1207 4462 est.

436 4489 489 4540 lam
510 4492 585 4542 moris
603 4491 745 4540 Terentiam
762 4491 921 4540 Latinitatem
938 4495 985 4538 tes·
1029 4493 1142 4542 Nouerca
1164 4494 1319 4557 superducta
1343 4496 1494 4546 adolescenti
1522 4498 1572 4546 oir-

436 4569 519 4616 tantia.
553 4571 610 4619 Huc
635 4568 714 4617 refero
737 4584 760 4617 v.
776 4583 797 4616 c.
814 4568 897 4616 statim
922 4567 985 4616 illud
1091 4573 1171 4633 qinom

1654 163 1670 524 l
