3542 5634
762 445 1150 514 SATIRARUM.

433 640 487 703 Ira
510 637 575 702 fuit
597 635 764 722 capitalis,
789 641 827 699 ut
845 634 966 700 ultima
988 633 1150 698 divideret
1173 653 1281 714 mers,

434 743 511 806 Non
534 740 635 805 aliam
659 741 700 804 eb
723 760 874 820 oausam,
899 736 965 802 nisi
989 737 1076 821 qued
1098 735 1203 801 virtus
1228 734 1263 798 iu
1288 740 1425 820 utreque

433 846 570 913 Summa
593 842 676 918 fuit;
701 841 765 906 duo
789 841 819 906 si
842 839 1006 906 discordia
1029 843 1126 903 vexet
1148 838 1288 918 inertes,

430 949 501 1013 Aut
521 947 551 1012 si
574 946 759 1032 disparibus
782 945 908 1010 bellum
932 942 1074 1025 ineidat,
1100 947 1139 1007 ut
1170 941 1323 1006 Diomedi

431 1051 516 1117 Cum
539 1049 640 1133 Lyeio
664 1048 806 1131 Glauce,
831 1047 978 1113 discedat
1000 1044 1142 1131 pigrior,
1166 1044 1254 1109 ultre

430 1153 621 1220 Muneribus
645 1151 776 1229 missis3
803 1150 976 1214 -Brute
999 1153 1147 1234 praetere
1170 1153 1304 1213 tenente

384 1358 465 1407 ferret.
490 1359 576 1423 Atque
592 1360 639 1408 hec
655 1359 725 1407 nobis
741 1360 769 1407 in
784 1361 832 1407 hae
842 1372 931 1407 eaussa
972 1357 1016 1406 vix
1032 1358 1140 1413 tandem,
1160 1371 1227 1406 mers
1244 1371 1300 1406 eam
1316 1357 1445 1406 divideret.
1475 1359 1530 1408 At-

383 1437 481 1487 suffieit.
498 1440 619 1489 Horatius
630 1438 711 1500 Epist.
729 1438 750 1486 1.
767 1452 796 1486 11.
810 1439 847 1485 ll.
859 1450 929 1499 prae-
972 1451 1019 1500 que
1036 1435 1083 1484 iste
1099 1435 1150 1484 fere
1171 1437 1245 1485 medo
1268 1436 1345 1500 accipi
1361 1446 1465 1499 possunt
1482 1441 1529 1486 ul-

382 1517 528 1579 positionem
544 1517 654 1566 iteravit:
677 1517 771 1565 Nestor
787 1530 931 1579 eourpenere
972 1518 1062 1564 timum
1076 1517 1245 1577 praesidium,
1259 1517 1377 1564 ultimum
1389 1519 1529 1578 auxilium,

382 1598 441 1645 lites
473 1598 549 1645 Irrter
566 1598 673 1646 Peliden
688 1596 799 1657 festinat
820 1600 846 1644 et
862 1596 930 1642 iuter
971 1594 1037 1644 ultra
1054 1597 1120 1660 qued
1137 1593 1234 1642 nullum
1256 1594 1323 1643 aliud
1345 1597 1476 1659 reperitur,
1492 1598 1529 1645 de

383 1676 508 1723 Atriden:
525 1674 667 1733 Bentleius‚
684 1674 744 1722 haec
760 1680 857 1721 mutare
875 1685 929 1720 eoa·
970 1689 1019 1738 quo
1036 1675 1171 1724 Ruhnken.
1185 1675 1217 1722 ed
1229 1674 1297 1724 Vell.
1314 1676 1410 1724 Petere.
1421 1675 1456 1723 II.
1468 1677 1527 1725 lll.

382 1761 447 1813 etus,
472 1753 585 1817 legebat:
613 1755 721 1802 Primus
738 1753 861 1810 Peliden,
889 1750 930 1798 hie
1004 1757 1060 1804 Aut
1077 1758 1101 1804 si
1109 1755 1257 1816 disparibus
1269 1755 1360 1802 bellum
1378 1757 1479 1812 inridit,
1492 1761 1528 1803 ut

381 1833 479 1897 legebat
497 1836 564 1883 Olim
582 1836 698 1883 Hectore
714 1831 875 1880 Priamiden.
902 1827 929 1879 si
972 1835 1091 1883 Diomedi
1117 1834 1182 1882 Cura
1201 1835 1279 1896 Lycio
1293 1830 1398 1888 Glauco,
1410 1835 1527 1882 discedat

381 1913 474 1977 duplex
497 1912 645 1976 praepositio
670 1916 799 1970 tantopere
821 1905 878 1954 usui
905 1912 929 1956 et
969 1916 1076 1976 ptqrtor,
1093 1914 1162 1962 utero
1196 1913 1350 1962 Muneribus
1361 1913 1452 1960 missis,
1483 1913 1525 1962 si.

380 1991 471 2040 rationi
487 1996 646 2054 repugnaret,
661 1987 782 2037 Horatius
799 2001 824 2035 v.
833 2000 854 2034 o.
869 1985 928 2034 scri·
969 1990 1045 2039 lentie
1061 2005 1112 2039 non
1128 1991 1335 2054 praetereundum
1351 1991 1447 2053 putavi,
1456 1994 1527 2055 qued

381 2071 437 2120 bere
453 2070 584 2133 potuisset:
601 2083 662 2133 ques
683 2068 775 2117 bellum
795 2067 929 2114 aduersum
970 2070 1145 2119 animadvertit
1170 2070 1299 2133 Apitzius:
1325 2069 1468 2132 displicebat
1484 2071 1526 2120 illi

379 2152 471 2200 incidit
487 2153 562 2199 inter.
580 2151 694 2197 Hectora
712 2147 861 2194 Priamiden
871 2146 928 2192 arti·
971 2151 1061 2199 bellum
1077 2151 1176 2208 incidit,
1194 2150 1260 2212 quod
1276 2150 1349 2197 modo
1363 2165 1400 2198 vs,
1415 2151 1442 2198 ll
1457 2161 1526 2200 esset

363 2243 472 2283 ,merum
489 2233 565 2290 etque
580 2227 648 2274 inter
660 2224 784 2273 Achillem
810 2222 857 2271 Ire
867 2223 929 2284 fuit
970 2227 1120 2284 adhibitum,
1137 2241 1184 2275 nec
1199 2226 1329 2287 laudabat,
1349 2229 1447 2290 potitam
1465 2230 1522 2278 nul.

379 2307 515 2368 capitam,-
541 2312 566 2353 et
589 2304 617 2350 in
641 2302 719 2350 altere
744 2302 797 2350 loeo
814 2301 872 2361 rel,
900 2307 928 2349 ut
969 2306 1022 2355 lum
1040 2305 1182 2369 exemplum
1199 2305 1322 2353 addidisse
1339 2307 1475 2366 inertibus,
1491 2317 1524 2357 ut

378 2383 506 2433 Bentleius
523 2381 676 2439 emendabat,
687 2381 728 2429 vel
737 2383 867 2431 Nestorem
883 2395 928 2430 seu
969 2385 1064 2433 eddidit
1081 2385 1224 2446 disparibus
1230 2401 1239 2442 ,¹
1266 2383 1289 2430 si
1300 2382 1409 2432 Glaucus
1426 2386 1524 2448 pigrior

379 2464 437 2512 lites
453 2462 562 2527 epitheto
578 2461 698 2509 auxisset:
715 2461 814 2523 sapietis
829 2475 927 2523 sempe·
970 2463 1058 2514 dieitur
1085 2463 1218 2518 Diomede,
1249 2462 1396 2512 Diomedem
1422 2478 1524 2528 quoqne

377 2557 437 2591 uere
452 2545 510 2592 lites
541 2543 634 2590 Nestor
651 2541 759 2588 Peliden
769 2540 884 2601 festinet
901 2545 927 2588 et
968 2543 1288 2608 fuissepiprum,eaussam
1299 2541 1522 2594 belliinterGlau-

377 2622 446 2669 iuter
463 2621 581 2669 Atriden.
616 2619 667 2669 Sed
687 2617 737 2666 iam
758 2618 925 2668 Ruhnkenius
968 2637 1025 2672 eum
1049 2629 1074 2672 et
1095 2622 1244 2674 Diomedem
1269 2621 1353 2669 emissi
1374 2637 1425 2670 nen
1443 2623 1522 2674 fuisse

378 2699 410 2745 ad
428 2697 529 2748 Sueten.
546 2697 648 2746 Caesar.
670 2700 711 2747 39,
727 2697 863 2757 iudicabat,
879 2699 926 2746 hee
967 2703 1108 2766 ignaviam,
1126 2701 1169 2750 sed
1186 2699 1321 2762 hospitium
1333 2701 1520 2761 maiorum‚ne-

377 2791 428 2825 non
444 2777 557 2826 debuisse
573 2776 698 2825 offendere
714 2791 834 2840 magnum
849 2777 925 2825 Bent-
967 2795 1015 2844 que
1049 2780 1172 2831 Glaucum
1199 2778 1297 2826 dedisse
1325 2792 1443 2836 munera,
1474 2783 1521 2830 sed

377 2856 464 2913 letum,
481 2863 506 2904 et
525 2855 642 2904 laudabat
662 2856 791 2905 Drakenb.
813 2857 845 2903 ad
866 2857 925 2905 Liv.
967 2867 1119 2923 permutasse
1135 2871 1219 2912 arma,
1238 2857 1308 2904 euius
1330 2859 1520 2920 permutationis

378 2934 511 2984 XXVIII.
541 2935 565 2984 8.
589 2935 741 2998 Exemplum
766 2936 924 2995 Hebraismi,
967 2945 1092 2987 auctorem
1109 2936 1185 2985 fuisse
1200 2935 1357 2994 Diomedem,
1373 2952 1424 2986 nen
1442 2937 1519 2988 Glau-

376 3014 466 3063 Latine
482 3016 606 3075 eonversi,
623 3016 704 3079 magis
721 3016 774 3064 huo'
785 3015 923 3079 pertinens,
967 3032 1037 3076 eum,
1058 3017 1206 3066 Diomedem
1227 3029 1301 3064 omne
1322 3023 1448 3065 certamen
1469 3018 1520 3066 dis·

376 3101 414 3143 est
436 3095 464 3143 iu
488 3094 581 3144 Genesi
605 3094 656 3143 111.
676 3095 713 3145 18.
730 3096 827 3159 ἔχθραν
851 3094 923 3154 θήσω
966 3095 1083 3144 onesimo:
1105 3093 1238 3143 Horatium
1260 3095 1320 3142 talia
1341 3103 1427 3144 eontra
1448 3111 1519 3146 men-

376 3175 428 3223 ‹ird
452 3173 531 3237 μέσον
555 3178 601 3223 σοῦ
628 3177 669 3224 καὶ
695 3176 747 3224 ἀνὰ
771 3174 850 3237 μέσον
876 3178 924 3233 τῆς
965 3181 1016 3223 tem
1049 3172 1153 3222 Homeri
1178 3171 1283 3222 seribere
1313 3189 1364 3222 nen
1397 3177 1517 3238 potuisse.

376 3253 504 3316 γυναικός.
539 3252 678 3314 interpres,
697 3267 792 3313 portem
812 3253 881 3300 iuter
899 3257 923 3299 te
965 3255 1035 3302 Haec
1051 3250 1102 3301 fere
1118 3251 1242 3315 spirtius,
1259 3252 1316 3315 qui,
1332 3254 1518 3305 eieetisbeitum

375 3339 400 3380 et
422 3332 558 3380 staterem.
584 3330 688 3380 Secutus
705 3337 754 3389 est,
770 3331 856 3389 oredo,
872 3330 923 3378 usi·
963 3330 1062 3381 ineidat
1071 3337 1100 3380 ut
1112 3332 1229 3380 Diomedi
1252 3331 1317 3380 Cum
1330 3333 1405 3395 Lpeie
1417 3335 1517 3384 Glauce
1550 3376 1562 3383 .

375 3419 452 3460 tetam
468 3409 802 3473 vulgoformam‚ignorans
819 3410 922 3459 relneu
964 3411 1038 3474 legit:
1055 3416 1102 3459 aut
1119 3411 1143 3458 si
1159 3411 1303 3471 disparibus
1320 3413 1364 3469 iis,
1381 3414 1453 3460 cedet
1477 3416 1517 3476 pi·

374 3491 524 3548 rererdatus,
541 3489 644 3538 alteram
662 3492 730 3537 inter
746 3495 772 3535 et
782 3490 851 3537 iuter
862 3504 922 3552 que·
964 3493 1034 3553 prior
1051 3492 1120 3538 ultre
1154 3490 1309 3538 Muneribus
1326 3493 1415 3539 misus.

375 3583 423 3631 que
448 3569 566 3616 Latinam
590 3581 652 3615 esse.
685 3566 740 3614 lam
762 3566 922 3617 Heindorfius
997 3571 1114 3619 Fortasse
1129 3568 1197 3616 loeus
1214 3567 1326 3630 pluribus
1338 3569 1514 3620 additamentis

375 3660 449 3695 usum
473 3646 570 3708 repetiti
586 3649 655 3695 inter
670 3646 706 3693 aio
721 3645 869 3709 illustrarit,
895 3655 923 3697 ut
964 3657 1001 3698 est
1010 3635 1161 3713 inquinatus.
1178 3647 1338 3696 Parenthesis
1349 3648 1450 3711 quidem
1461 3649 1515 3698 lon-

375 3725 438 3773 nihil
453 3725 512 3772 addi
527 3724 611 3786 possit.
964 3729 1028 3792 gior,
1045 3744 1074 3778 eo
1090 3735 1187 3777 tantum
1204 3727 1304 3776 consilio
1321 3728 1394 3776 dueta
1406 3729 1512 3786 videtur,

407 3807 457 3853 Ire
466 3804 527 3867 suit
543 3805 676 3866 capitulis,
698 3810 727 3852 ut
748 3806 841 3854 ultime
856 3808 920 3856 divi·
964 3823 1002 3866 ne,
1020 3809 1085 3872 quod
1102 3814 1166 3856 esset
1182 3813 1327 3854 narraturus
1338 3808 1419 3869 petita,
1437 3807 1515 3857 nimia

374 3887 442 3933 deret
455 3897 528 3932 mers.
562 3882 641 3946 Saepe
657 3886 922 3948 ultimussupremus,
963 3888 1084 3936 brevitate
1099 3885 1230 3934 laboraret
1247 3885 1332 3948 Atque
1348 3885 1411 3934 illud
1427 3888 1459 3935 de
1475 3889 1513 3936 iu·

373 3971 512 4022 extremm,
529 3963 629 4011 additur
645 3964 732 4021 morti,
742 3964 847 4027 seueri,
864 3965 921 4014 ride
962 3969 1058 4016 ertibm
1075 3971 1118 4013 aut
1133 3966 1279 4026 disparibus
1297 3971 1349 4012 tam
1369 3979 1458 4027 parum
1474 3981 1513 4016 re·

374 4045 487 4094 Oudeud.
513 4043 545 4090 ad
569 4041 665 4106 Appul.
690 4043 792 4091 Metam.
817 4058 840 4106 p.
863 4045 919 4094 448.
963 4046 1077 4109 quiritur,
1094 4051 1123 4092 ut
1138 4043 1220 4106 petius
1233 4056 1316 4091 earere
1332 4043 1428 4092 malles.
1446 4042 1512 4093 Con-

374 4125 444 4174 varia
464 4132 549 4173 tamen
574 4121 767 4186 signifieatieue,
793 4122 920 4173 interdum
962 4123 1052 4172 trarius
1074 4135 1173 4186 pugnae
1198 4126 1301 4170 eventus
1326 4121 1392 4170 inter
1419 4123 1514 4172 inertes

373 4205 444 4269 quasi
469 4205 496 4252 in
529 4202 674 4251 adverbium
703 4201 866 4261 resolvenda,
892 4210 920 4251 ut
961 4210 987 4252 et
1002 4205 1117 4265 dispares
1133 4201 1191 4248 satis
1211 4201 1264 4263 ipse
1285 4215 1318 4248 ex
1339 4215 1438 4249 summa
1462 4202 1512 4249 vir·

373 4284 455 4333 Bentl.
472 4284 503 4331 ad
519 4282 609 4331 Horat.
625 4282 705 4345 Epist.
715 4282 790 4330 11.11.
802 4282 856 4334 173.
866 4297 918 4331 me·
961 4285 1014 4330 tute
1030 4286 1055 4328 et
1071 4279 1111 4327 ira
1126 4278 1237 4342 capitali,
1254 4294 1304 4328 nen
1321 4279 1370 4328 uisi
1385 4285 1464 4328 morte
1476 4280 1510 4328 al·

373 4363 434 4422 nuit,
451 4361 542 4425 optime
553 4362 578 4410 h.
589 4361 607 4411 l.
619 4362 796 4424 interpretans:
813 4360 920 4424 irafuit
962 4360 1037 4409 terius
1055 4359 1135 4407 utrius
1152 4358 1269 4417 finienda,
1282 4359 1307 4406 in
1320 4357 1434 4421 exemplo
1445 4357 1510 4407 Hee-

371 4443 502 4504 eepitulis,
518 4447 570 4489 tam
586 4439 750 4503 inplaeabilis,
772 4447 800 4487 ut
816 4441 919 4499 ultime,
961 4440 1021 4488 toris
1047 4446 1071 4488 et
1099 4438 1205 4489 Achillis
1233 4445 1342 4500 apparet.
1376 4437 1510 4498 Horatius,
