<?xml version="1.0" encoding="UTF-8"?>
<!DOCTYPE html PUBLIC "-//W3C//DTD XHTML 1.0 Transitional//EN"
    "http://www.w3.org/TR/xhtml1/DTD/xhtml1-transitional.dtd">
<html xmlns="http://www.w3.org/1999/xhtml" xml:lang="en" lang="en">
 <head>
  <title>
</title>
<meta http-equiv="Content-Type" content="text/html;charset=utf-8" />
  <meta name='ocr-system' content='tesseract 3.04.00' />
  <meta name='ocr-capabilities' content='ocr_page ocr_carea ocr_par ocr_line ocrx_word'/>
</head>
<body>
  <div class='ocr_page' id='page_1' title='image "./qhoratiiflaccis01peergoog_0136.png"; bbox 0 0 3542 5634; ppageno 0'>
   <div class='ocr_carea' id='block_1_1' title="bbox 707 477 980 543">
    <p class='ocr_par' dir='ltr' id='par_1_1' title="bbox 707 477 980 543">
     <span class='ocr_line' id='line_1_1' title="bbox 707 477 980 543; baseline 0.011 -3"><span class='ocrx_word' id='word_1_1' title='bbox 707 477 890 542; x_wconf 82' lang='lat' dir='ltr'>LIBER</span> <span class='ocrx_word' id='word_1_2' title='bbox 936 480 980 543; x_wconf 91' lang='grc' dir='ltr'>ΙΙ.</span> 
     </span>
    </p>
   </div>
   <div class='ocr_carea' id='block_1_2' title="bbox 316 662 1414 2924">
    <p class='ocr_par' dir='ltr' id='par_1_2' title="bbox 318 662 1414 1044">
     <span class='ocr_line' id='line_1_2' title="bbox 320 662 1241 751; baseline 0.008 -24"><span class='ocrx_word' id='word_1_3' title='bbox 320 663 552 744; x_wconf 76' lang='lat' dir='ltr'>Contemnere,</span> <span class='ocrx_word' id='word_1_4' title='bbox 577 662 683 728; x_wconf 90' lang='lat' dir='ltr'>miser.</span> <span class='ocrx_word' id='word_1_5' title='bbox 731 662 877 729; x_wconf 78' lang='lat' dir='ltr'>Vitanda</span> <span class='ocrx_word' id='word_1_6' title='bbox 902 670 953 730; x_wconf 89' lang='lat' dir='ltr'>est</span> <span class='ocrx_word' id='word_1_7' title='bbox 977 666 1124 751; x_wconf 90' lang='lat' dir='ltr'>improba</span> <span class='ocrx_word' id='word_1_8' title='bbox 1149 667 1241 734; x_wconf 83' lang='lat' dir='ltr'>Siren</span> 
     </span>
     <span class='ocr_line' id='line_1_3' title="bbox 319 763 1173 855; baseline 0.007 -26"><span class='ocrx_word' id='word_1_9' title='bbox 319 763 471 848; x_wconf 82' lang='lat' dir='ltr'>Desidia,</span> <span class='ocrx_word' id='word_1_10' title='bbox 497 769 572 849; x_wconf 84' lang='lat' dir='ltr'>aut&#39;,</span> <span class='ocrx_word' id='word_1_11' title='bbox 599 765 759 853; x_wconf 91' lang='lat' dir='ltr'>quidquid</span> <span class='ocrx_word' id='word_1_12' title='bbox 783 768 853 833; x_wconf 90' lang='lat' dir='ltr'>vita</span> <span class='ocrx_word' id='word_1_13' title='bbox 876 768 1011 834; x_wconf 90' lang='lat' dir='ltr'>meliore</span> <span class='ocrx_word' id='word_1_14' title='bbox 1032 771 1173 855; x_wconf 89' lang='lat' dir='ltr'>parasti,</span> 
     </span>
     <span class='ocr_line' id='line_1_4' title="bbox 319 869 1414 964; baseline 0.01 -31"><span class='ocrx_word' id='word_1_15' title='bbox 319 869 514 934; x_wconf 88' lang='lat' dir='ltr'>Ponendum</span> <span class='ocrx_word' id='word_1_16' title='bbox 535 891 638 954; x_wconf 87' lang='lat' dir='ltr'>aequo</span> <span class='ocrx_word' id='word_1_17' title='bbox 662 870 807 935; x_wconf 83' lang='lat' dir='ltr'>animo.“</span> <span class='ocrx_word' id='word_1_18' title='bbox 857 872 927 954; x_wconf 89' lang='lat' dir='ltr'>„Di</span> <span class='ocrx_word' id='word_1_19' title='bbox 951 878 1000 955; x_wconf 90' lang='lat' dir='ltr'>te,</span> <span class='ocrx_word' id='word_1_20' title='bbox 1027 872 1247 960; x_wconf 89' lang='lat' dir='ltr'>Damasippe,</span> <span class='ocrx_word' id='word_1_21' title='bbox 1273 877 1414 964; x_wconf 82' lang='lat' dir='ltr'>deaeque</span> 
     </span>
     <span class='ocr_line' id='line_1_5' title="bbox 318 972 1247 1044; baseline 0.008 -8"><span class='ocrx_word' id='word_1_22' title='bbox 318 972 440 1038; x_wconf 90' lang='lat' dir='ltr'>Verum</span> <span class='ocrx_word' id='word_1_23' title='bbox 464 973 505 1038; x_wconf 94' lang='lat' dir='ltr'>ob</span> <span class='ocrx_word' id='word_1_24' title='bbox 528 973 705 1038; x_wconf 90' lang='lat' dir='ltr'>consilium</span> <span class='ocrx_word' id='word_1_25' title='bbox 728 973 853 1039; x_wconf 90' lang='lat' dir='ltr'>donent</span> <span class='ocrx_word' id='word_1_26' title='bbox 877 976 1023 1041; x_wconf 76' lang='lat' dir='ltr'>tonsore!</span> <span class='ocrx_word' id='word_1_27' title='bbox 1073 975 1137 1042; x_wconf 88' lang='lat' dir='ltr'>Sed</span> <span class='ocrx_word' id='word_1_28' title='bbox 1160 978 1247 1044; x_wconf 89' lang='lat' dir='ltr'>unde</span> 
     </span>
    </p>

    <p class='ocr_par' dir='ltr' id='par_1_3' title="bbox 318 1076 1412 1268">
     <span class='ocr_line' id='line_1_6' title="bbox 318 1076 1412 1164; baseline 0.008 -24"><span class='ocrx_word' id='word_1_29' title='bbox 318 1076 398 1141; x_wconf 83' lang='lat' dir='ltr'>Tam</span> <span class='ocrx_word' id='word_1_30' title='bbox 420 1077 503 1142; x_wconf 92' lang='lat' dir='ltr'>bene</span> <span class='ocrx_word' id='word_1_31' title='bbox 525 1099 579 1143; x_wconf 93' lang='lat' dir='ltr'>me</span> <span class='ocrx_word' id='word_1_32' title='bbox 603 1078 737 1143; x_wconf 84' lang='lat' dir='ltr'>nosti?“</span> <span class='ocrx_word' id='word_1_33' title='bbox 785 1079 968 1164; x_wconf 89' lang='lat' dir='ltr'>Postquam</span> <span class='ocrx_word' id='word_1_34' title='bbox 991 1079 1099 1145; x_wconf 89' lang='lat' dir='ltr'>omnis</span> <span class='ocrx_word' id='word_1_35' title='bbox 1122 1102 1172 1146; x_wconf 91' lang='lat' dir='ltr'>res</span> <span class='ocrx_word' id='word_1_36' title='bbox 1196 1104 1270 1148; x_wconf 87' lang='lat' dir='ltr'>mea</span> <span class='ocrx_word' id='word_1_37' title='bbox 1294 1085 1412 1149; x_wconf 88' lang='lat' dir='ltr'>Ianum</span> 
     </span>
     <span class='ocr_line' id='line_1_7' title="bbox 325 1180 1176 1268; baseline 0.006 -24"><span class='ocrx_word' id='word_1_38' title='bbox 325 1181 380 1245; x_wconf 91' lang='lat' dir='ltr'>Ad</span> <span class='ocrx_word' id='word_1_39' title='bbox 402 1180 551 1245; x_wconf 92' lang='lat' dir='ltr'>medium</span> <span class='ocrx_word' id='word_1_40' title='bbox 574 1180 679 1246; x_wconf 86' lang='lat' dir='ltr'>fracta</span> <span class='ocrx_word' id='word_1_41' title='bbox 700 1187 769 1264; x_wconf 91' lang='lat' dir='ltr'>est,</span> <span class='ocrx_word' id='word_1_42' title='bbox 794 1181 902 1246; x_wconf 88' lang='lat' dir='ltr'>aliena</span> <span class='ocrx_word' id='word_1_43' title='bbox 925 1183 1061 1268; x_wconf 85' lang='lat' dir='ltr'>negotia</span> <span class='ocrx_word' id='word_1_44' title='bbox 1081 1205 1176 1267; x_wconf 89' lang='lat' dir='ltr'>curo,</span> 
     </span>
    </p>

    <p class='ocr_par' dir='ltr' id='par_1_4' title="bbox 320 1284 1274 1373">
     <span class='ocr_line' id='line_1_8' title="bbox 320 1284 1274 1373; baseline 0.006 -25"><span class='ocrx_word' id='word_1_45' title='bbox 320 1285 490 1349; x_wconf 83' lang='lat' dir='ltr'>Excussus</span> <span class='ocrx_word' id='word_1_46' title='bbox 513 1284 664 1370; x_wconf 90' lang='lat' dir='ltr'>propriis.</span> <span class='ocrx_word' id='word_1_47' title='bbox 713 1284 803 1351; x_wconf 90' lang='lat' dir='ltr'>Olim</span> <span class='ocrx_word' id='word_1_48' title='bbox 826 1307 905 1350; x_wconf 89' lang='lat' dir='ltr'>nam</span> <span class='ocrx_word' id='word_1_49' title='bbox 928 1308 1082 1372; x_wconf 88' lang='lat' dir='ltr'>quaerere</span> <span class='ocrx_word' id='word_1_50' title='bbox 1104 1289 1274 1373; x_wconf 81' lang='lat' dir='ltr'>amabam,</span> 
     </span>
    </p>

    <p class='ocr_par' dir='ltr' id='par_1_5' title="bbox 321 1387 1162 1475">
     <span class='ocr_line' id='line_1_9' title="bbox 321 1387 1162 1475; baseline 0.005 -23"><span class='ocrx_word' id='word_1_51' title='bbox 321 1388 392 1467; x_wconf 84' lang='lat' dir='ltr'>Quo</span> <span class='ocrx_word' id='word_1_52' title='bbox 415 1387 506 1451; x_wconf 84' lang='lat' dir='ltr'>vafer</span> <span class='ocrx_word' id='word_1_53' title='bbox 525 1387 583 1452; x_wconf 90' lang='lat' dir='ltr'>ille</span> <span class='ocrx_word' id='word_1_54' title='bbox 606 1387 704 1473; x_wconf 88' lang='lat' dir='ltr'>pedes</span> <span class='ocrx_word' id='word_1_55' title='bbox 729 1388 864 1454; x_wconf 76' lang='lat' dir='ltr'>lavisset</span> <span class='ocrx_word' id='word_1_56' title='bbox 889 1389 1050 1475; x_wconf 78' lang='lat' dir='ltr'>Sisyphus</span> <span class='ocrx_word' id='word_1_57' title='bbox 1074 1412 1162 1474; x_wconf 89' lang='lat' dir='ltr'>aere,</span> 
     </span>
    </p>

    <p class='ocr_par' dir='ltr' id='par_1_6' title="bbox 318 1489 1258 1682">
     <span class='ocr_line' id='line_1_10' title="bbox 318 1489 1258 1579; baseline 0.009 -25"><span class='ocrx_word' id='word_1_58' title='bbox 318 1489 406 1569; x_wconf 79' lang='lat' dir='ltr'>Quid</span> <span class='ocrx_word' id='word_1_59' title='bbox 427 1492 594 1577; x_wconf 89' lang='lat' dir='ltr'>sculptum</span> <span class='ocrx_word' id='word_1_60' title='bbox 617 1492 761 1576; x_wconf 85' lang='lat' dir='ltr'>infabre,</span> <span class='ocrx_word' id='word_1_61' title='bbox 787 1494 866 1579; x_wconf 93' lang='lat' dir='ltr'>quid</span> <span class='ocrx_word' id='word_1_62' title='bbox 890 1493 1002 1559; x_wconf 84' lang='lat' dir='ltr'>fusum</span> <span class='ocrx_word' id='word_1_63' title='bbox 1026 1495 1139 1560; x_wconf 89' lang='lat' dir='ltr'>durius</span> <span class='ocrx_word' id='word_1_64' title='bbox 1163 1504 1258 1562; x_wconf 85' lang='lat' dir='ltr'>esset.</span> 
     </span>
     <span class='ocr_line' id='line_1_11' title="bbox 321 1593 1179 1682; baseline 0.003 -22"><span class='ocrx_word' id='word_1_65' title='bbox 321 1593 470 1660; x_wconf 72' lang='lat' dir='ltr'>Callidus</span> <span class='ocrx_word' id='word_1_66' title='bbox 495 1595 571 1660; x_wconf 92' lang='lat' dir='ltr'>huic</span> <span class='ocrx_word' id='word_1_67' title='bbox 596 1596 692 1680; x_wconf 84' lang='lat' dir='ltr'>signo</span> <span class='ocrx_word' id='word_1_68' title='bbox 715 1597 878 1682; x_wconf 87' lang='lat' dir='ltr'>ponebam</span> <span class='ocrx_word' id='word_1_69' title='bbox 901 1597 1010 1662; x_wconf 90' lang='lat' dir='ltr'>millia</span> <span class='ocrx_word' id='word_1_70' title='bbox 1031 1603 1179 1664; x_wconf 88' lang='lat' dir='ltr'>centurn:</span> 
     </span>
    </p>

    <p class='ocr_par' dir='ltr' id='par_1_7' title="bbox 318 1697 1117 1784">
     <span class='ocr_line' id='line_1_12' title="bbox 318 1697 1117 1784; baseline 0.008 -23"><span class='ocrx_word' id='word_1_71' title='bbox 318 1697 440 1762; x_wconf 83' lang='lat' dir='ltr'>Hortos</span> <span class='ocrx_word' id='word_1_72' title='bbox 464 1698 675 1784; x_wconf 83' lang='lat' dir='ltr'>egregiasque</span> <span class='ocrx_word' id='word_1_73' title='bbox 698 1699 812 1765; x_wconf 88' lang='lat' dir='ltr'>domos</span> <span class='ocrx_word' id='word_1_74' title='bbox 835 1700 1008 1765; x_wconf 83' lang='lat' dir='ltr'>mercarier</span> <span class='ocrx_word' id='word_1_75' title='bbox 1030 1722 1117 1767; x_wconf 88' lang='lat' dir='ltr'>unus</span> 
     </span>
    </p>

    <p class='ocr_par' dir='ltr' id='par_1_8' title="bbox 318 1799 1206 1992">
     <span class='ocr_line' id='line_1_13' title="bbox 318 1799 1206 1890; baseline 0.008 -26"><span class='ocrx_word' id='word_1_76' title='bbox 318 1799 403 1865; x_wconf 75' lang='lat' dir='ltr'>Cum</span> <span class='ocrx_word' id='word_1_77' title='bbox 425 1801 516 1866; x_wconf 91' lang='lat' dir='ltr'>lucro</span> <span class='ocrx_word' id='word_1_78' title='bbox 538 1824 672 1887; x_wconf 88' lang='lat' dir='ltr'>noram,</span> <span class='ocrx_word' id='word_1_79' title='bbox 696 1805 783 1868; x_wconf 92' lang='lat' dir='ltr'>unde</span> <span class='ocrx_word' id='word_1_80' title='bbox 806 1804 991 1890; x_wconf 86' lang='lat' dir='ltr'>frequentia</span> <span class='ocrx_word' id='word_1_81' title='bbox 1013 1806 1206 1872; x_wconf 84' lang='lat' dir='ltr'>Mercuriale</span> 
     </span>
     <span class='ocr_line' id='line_1_14' title="bbox 318 1903 1183 1992; baseline 0.006 -25"><span class='ocrx_word' id='word_1_82' title='bbox 318 1903 505 1989; x_wconf 88' lang='lat' dir='ltr'>Imposuere</span> <span class='ocrx_word' id='word_1_83' title='bbox 525 1905 608 1970; x_wconf 92' lang='lat' dir='ltr'>mihi</span> <span class='ocrx_word' id='word_1_84' title='bbox 626 1927 809 1992; x_wconf 87' lang='lat' dir='ltr'>cognomen</span> <span class='ocrx_word' id='word_1_85' title='bbox 830 1907 1009 1992; x_wconf 84' lang='lat' dir='ltr'>compita“</span> <span class='ocrx_word' id='word_1_86' title='bbox 1058 1909 1183 1992; x_wconf 79' lang='lat' dir='ltr'>„Novi,</span> 
     </span>
    </p>

    <p class='ocr_par' dir='ltr' id='par_1_9' title="bbox 318 2007 1191 2099">
     <span class='ocr_line' id='line_1_15' title="bbox 318 2007 1191 2099; baseline 0.008 -29"><span class='ocrx_word' id='word_1_87' title='bbox 318 2007 363 2071; x_wconf 84' lang='lat' dir='ltr'>Et</span> <span class='ocrx_word' id='word_1_88' title='bbox 383 2009 484 2075; x_wconf 89' lang='lat' dir='ltr'>miror</span> <span class='ocrx_word' id='word_1_89' title='bbox 506 2011 613 2076; x_wconf 90' lang='lat' dir='ltr'>morbi</span> <span class='ocrx_word' id='word_1_90' title='bbox 633 2017 811 2097; x_wconf 87' lang='lat' dir='ltr'>purgatum</span> <span class='ocrx_word' id='word_1_91' title='bbox 835 2018 867 2078; x_wconf 91' lang='lat' dir='ltr'>te</span> <span class='ocrx_word' id='word_1_92' title='bbox 887 2013 1013 2077; x_wconf 87' lang='lat' dir='ltr'>illius.“</span> <span class='ocrx_word' id='word_1_93' title='bbox 1062 2014 1191 2099; x_wconf 87' lang='lat' dir='ltr'>„Atqui</span> 
     </span>
    </p>

    <p class='ocr_par' dir='ltr' id='par_1_10' title="bbox 317 2111 1177 2199">
     <span class='ocr_line' id='line_1_16' title="bbox 317 2111 1177 2199; baseline 0.008 -26"><span class='ocrx_word' id='word_1_94' title='bbox 317 2111 451 2178; x_wconf 84' lang='lat' dir='ltr'>Emovit</span> <span class='ocrx_word' id='word_1_95' title='bbox 471 2119 613 2180; x_wconf 89' lang='lat' dir='ltr'>veterem</span> <span class='ocrx_word' id='word_1_96' title='bbox 633 2115 715 2180; x_wconf 90' lang='lat' dir='ltr'>mire</span> <span class='ocrx_word' id='word_1_97' title='bbox 738 2137 861 2198; x_wconf 90' lang='lat' dir='ltr'>novus,</span> <span class='ocrx_word' id='word_1_98' title='bbox 883 2122 923 2180; x_wconf 87' lang='lat' dir='ltr'>ut</span> <span class='ocrx_word' id='word_1_99' title='bbox 940 2116 1041 2199; x_wconf 90' lang='lat' dir='ltr'>solet,</span> <span class='ocrx_word' id='word_1_100' title='bbox 1064 2117 1099 2179; x_wconf 92' lang='lat' dir='ltr'>in</span> <span class='ocrx_word' id='word_1_101' title='bbox 1123 2139 1177 2182; x_wconf 89' lang='lat' dir='ltr'>cor</span> 
     </span>
    </p>

    <p class='ocr_par' dir='ltr' id='par_1_11' title="bbox 317 2214 1062 2305">
     <span class='ocr_line' id='line_1_17' title="bbox 317 2214 1062 2305; baseline 0.008 -28"><span class='ocrx_word' id='word_1_102' title='bbox 317 2214 461 2281; x_wconf 79' lang='lat' dir='ltr'>Treiecto</span> <span class='ocrx_word' id='word_1_103' title='bbox 485 2218 596 2283; x_wconf 89' lang='lat' dir='ltr'>lateris</span> <span class='ocrx_word' id='word_1_104' title='bbox 619 2218 732 2284; x_wconf 85' lang='lat' dir='ltr'>miseri</span> <span class='ocrx_word' id='word_1_105' title='bbox 752 2219 911 2305; x_wconf 87' lang='lat' dir='ltr'>capitisve</span> <span class='ocrx_word' id='word_1_106' title='bbox 934 2219 1062 2302; x_wconf 89' lang='lat' dir='ltr'>dolore,</span> 
     </span>
    </p>

    <p class='ocr_par' dir='ltr' id='par_1_12' title="bbox 317 2316 1381 2614">
     <span class='ocr_line' id='line_1_18' title="bbox 318 2316 1340 2410; baseline 0.008 -29"><span class='ocrx_word' id='word_1_107' title='bbox 318 2316 367 2382; x_wconf 91' lang='lat' dir='ltr'>Ut</span> <span class='ocrx_word' id='word_1_108' title='bbox 387 2318 586 2406; x_wconf 86' lang='lat' dir='ltr'>lethargicus</span> <span class='ocrx_word' id='word_1_109' title='bbox 608 2321 678 2404; x_wconf 90' lang='lat' dir='ltr'>hic,</span> <span class='ocrx_word' id='word_1_110' title='bbox 701 2343 802 2408; x_wconf 91' lang='lat' dir='ltr'>quum</span> <span class='ocrx_word' id='word_1_111' title='bbox 824 2322 863 2387; x_wconf 95' lang='lat' dir='ltr'>fit</span> <span class='ocrx_word' id='word_1_112' title='bbox 885 2322 982 2408; x_wconf 83' lang='lat' dir='ltr'>pugil</span> <span class='ocrx_word' id='word_1_113' title='bbox 1000 2328 1034 2388; x_wconf 94' lang='lat' dir='ltr'>et</span> <span class='ocrx_word' id='word_1_114' title='bbox 1054 2323 1219 2389; x_wconf 90' lang='lat' dir='ltr'>medicum</span> <span class='ocrx_word' id='word_1_115' title='bbox 1237 2330 1340 2410; x_wconf 85' lang='lat' dir='ltr'>urget.</span> 
     </span>
     <span class='ocr_line' id='line_1_19' title="bbox 317 2419 1381 2510; baseline 0.009 -27"><span class='ocrx_word' id='word_1_116' title='bbox 317 2419 431 2502; x_wconf 85' lang='lat' dir='ltr'>„Dum</span> <span class='ocrx_word' id='word_1_117' title='bbox 447 2445 489 2488; x_wconf 89' lang='lat' dir='ltr'>ne</span> <span class='ocrx_word' id='word_1_118' title='bbox 502 2424 582 2509; x_wconf 91' lang='lat' dir='ltr'>quid</span> <span class='ocrx_word' id='word_1_119' title='bbox 597 2425 706 2490; x_wconf 90' lang='lat' dir='ltr'>simile</span> <span class='ocrx_word' id='word_1_120' title='bbox 717 2426 804 2508; x_wconf 90' lang='lat' dir='ltr'>huic,</span> <span class='ocrx_word' id='word_1_121' title='bbox 820 2432 892 2491; x_wconf 89' lang='lat' dir='ltr'>esto</span> <span class='ocrx_word' id='word_1_122' title='bbox 907 2432 946 2491; x_wconf 93' lang='lat' dir='ltr'>ut</span> <span class='ocrx_word' id='word_1_123' title='bbox 961 2426 1077 2491; x_wconf 86' lang='lat' dir='ltr'>libet“</span> <span class='ocrx_word' id='word_1_124' title='bbox 1115 2426 1167 2509; x_wconf 90' lang='lat' dir='ltr'>„O</span> <span class='ocrx_word' id='word_1_125' title='bbox 1183 2427 1279 2510; x_wconf 89' lang='lat' dir='ltr'>bone,</span> <span class='ocrx_word' id='word_1_126' title='bbox 1293 2450 1334 2493; x_wconf 92' lang='lat' dir='ltr'>ne</span> <span class='ocrx_word' id='word_1_127' title='bbox 1348 2435 1381 2493; x_wconf 89' lang='lat' dir='ltr'>te</span> 
     </span>
     <span class='ocr_line' id='line_1_20' title="bbox 317 2523 1221 2614; baseline 0.008 -27"><span class='ocrx_word' id='word_1_128' title='bbox 317 2523 503 2592; x_wconf 84' lang='lat' dir='ltr'>Frustrere:</span> <span class='ocrx_word' id='word_1_129' title='bbox 525 2527 650 2592; x_wconf 89' lang='lat' dir='ltr'>insanis</span> <span class='ocrx_word' id='word_1_130' title='bbox 672 2533 705 2594; x_wconf 91' lang='lat' dir='ltr'>et</span> <span class='ocrx_word' id='word_1_131' title='bbox 725 2533 762 2593; x_wconf 92' lang='lat' dir='ltr'>tu</span> <span class='ocrx_word' id='word_1_132' title='bbox 783 2529 944 2614; x_wconf 89' lang='lat' dir='ltr'>stultique</span> <span class='ocrx_word' id='word_1_133' title='bbox 966 2550 1067 2614; x_wconf 93' lang='lat' dir='ltr'>prope</span> <span class='ocrx_word' id='word_1_134' title='bbox 1089 2551 1221 2611; x_wconf 90' lang='lat' dir='ltr'>omnes,</span> 
     </span>
    </p>

    <p class='ocr_par' dir='ltr' id='par_1_13' title="bbox 316 2626 1264 2924">
     <span class='ocr_line' id='line_1_21' title="bbox 317 2626 1195 2718; baseline 0.005 -26"><span class='ocrx_word' id='word_1_135' title='bbox 317 2626 353 2692; x_wconf 90' lang='lat' dir='ltr'>Si</span> <span class='ocrx_word' id='word_1_136' title='bbox 375 2629 454 2714; x_wconf 89' lang='lat' dir='ltr'>quid</span> <span class='ocrx_word' id='word_1_137' title='bbox 476 2630 653 2696; x_wconf 78' lang='lat' dir='ltr'>Stertinius</span> <span class='ocrx_word' id='word_1_138' title='bbox 671 2631 740 2697; x_wconf 88' lang='lat' dir='ltr'>veri</span> <span class='ocrx_word' id='word_1_139' title='bbox 767 2637 896 2717; x_wconf 87' lang='lat' dir='ltr'>crepat,</span> <span class='ocrx_word' id='word_1_140' title='bbox 918 2633 1007 2698; x_wconf 92' lang='lat' dir='ltr'>unde</span> <span class='ocrx_word' id='word_1_141' title='bbox 1028 2654 1089 2718; x_wconf 85' lang='lat' dir='ltr'>ego</span> <span class='ocrx_word' id='word_1_142' title='bbox 1110 2631 1195 2696; x_wconf 89' lang='lat' dir='ltr'>mira</span> 
     </span>
     <span class='ocr_line' id='line_1_22' title="bbox 316 2732 1264 2823; baseline 0.005 -27"><span class='ocrx_word' id='word_1_143' title='bbox 316 2732 484 2819; x_wconf 89' lang='lat' dir='ltr'>Descripsi</span> <span class='ocrx_word' id='word_1_144' title='bbox 506 2735 621 2800; x_wconf 91' lang='lat' dir='ltr'>docilis</span> <span class='ocrx_word' id='word_1_145' title='bbox 645 2742 819 2823; x_wconf 87' lang='lat' dir='ltr'>praecepta</span> <span class='ocrx_word' id='word_1_146' title='bbox 840 2737 935 2819; x_wconf 87' lang='lat' dir='ltr'>haec,</span> <span class='ocrx_word' id='word_1_147' title='bbox 958 2742 1105 2822; x_wconf 88' lang='lat' dir='ltr'>ternpore</span> <span class='ocrx_word' id='word_1_148' title='bbox 1127 2759 1191 2822; x_wconf 91' lang='lat' dir='ltr'>quo</span> <span class='ocrx_word' id='word_1_149' title='bbox 1211 2758 1264 2801; x_wconf 91' lang='lat' dir='ltr'>me</span> 
     </span>
     <span class='ocr_line' id='line_1_23' title="bbox 318 2834 1098 2924; baseline 0.006 -24"><span class='ocrx_word' id='word_1_150' title='bbox 318 2834 450 2902; x_wconf 86' lang='lat' dir='ltr'>Solatus</span> <span class='ocrx_word' id='word_1_151' title='bbox 470 2838 568 2904; x_wconf 91' lang='lat' dir='ltr'>iussit</span> <span class='ocrx_word' id='word_1_152' title='bbox 591 2839 774 2924; x_wconf 86' lang='lat' dir='ltr'>sapientem</span> <span class='ocrx_word' id='word_1_153' title='bbox 795 2861 926 2924; x_wconf 88' lang='lat' dir='ltr'>pascere</span> <span class='ocrx_word' id='word_1_154' title='bbox 947 2841 1098 2922; x_wconf 87' lang='lat' dir='ltr'>barbam,</span> 
     </span>
    </p>
   </div>
   <div class='ocr_carea' id='block_1_3' title="bbox 267 2973 1406 4549">
    <p class='ocr_par' dir='ltr' id='par_1_14' title="bbox 267 2973 1406 4549">
     <span class='ocr_line' id='line_1_24' title="bbox 270 2973 1404 3040; baseline 0.004 -19"><span class='ocrx_word' id='word_1_155' title='bbox 270 2973 354 3022; x_wconf 84' lang='lat' dir='ltr'>fallor:</span> <span class='ocrx_word' id='word_1_156' title='bbox 377 2976 507 3026; x_wconf 80' lang='lat' dir='ltr'>Invidiam</span> <span class='ocrx_word' id='word_1_157' title='bbox 532 2981 636 3040; x_wconf 84' lang='lat' dir='ltr'>placore</span> <span class='ocrx_word' id='word_1_158' title='bbox 651 2984 737 3040; x_wconf 78' lang='lat' dir='ltr'>putas,</span> <span class='ocrx_word' id='word_1_159' title='bbox 767 2981 837 3027; x_wconf 66' lang='lat' dir='ltr'>nir-l</span> <span class='ocrx_word' id='word_1_160' title='bbox 891 2979 994 3026; x_wconf 82' lang='lat' dir='ltr'>Enwvit</span> <span class='ocrx_word' id='word_1_161' title='bbox 1010 2984 1117 3028; x_wconf 81' lang='lat' dir='ltr'>veterem</span> <span class='ocrx_word' id='word_1_162' title='bbox 1134 2981 1304 3039; x_wconf 73' lang='lat' dir='ltr'>mironem,</span> <span class='ocrx_word' id='word_1_163' title='bbox 1322 2985 1351 3026; x_wconf 83' lang='lat' dir='ltr'>nt</span> <span class='ocrx_word' id='word_1_164' title='bbox 1367 2994 1404 3027; x_wconf 77' lang='lat' dir='ltr'>so-</span> 
     </span>
     <span class='ocr_line' id='line_1_25' title="bbox 269 3055 1406 3120; baseline 0.004 -21"><span class='ocrx_word' id='word_1_165' title='bbox 269 3059 326 3102; x_wconf 80' lang='lat' dir='ltr'>tute</span> <span class='ocrx_word' id='word_1_166' title='bbox 336 3055 447 3104; x_wconf 82' lang='lat' dir='ltr'>relicta?</span> <span class='ocrx_word' id='word_1_167' title='bbox 463 3056 484 3104; x_wconf 92' lang='lat' dir='ltr'>si</span> <span class='ocrx_word' id='word_1_168' title='bbox 496 3063 580 3120; x_wconf 82' lang='lat' dir='ltr'>putas,</span> <span class='ocrx_word' id='word_1_169' title='bbox 596 3058 702 3105; x_wconf 89' lang='lat' dir='ltr'>multum</span> <span class='ocrx_word' id='word_1_170' title='bbox 714 3058 816 3110; x_wconf 80' lang='lat' dir='ltr'>falleris.</span> <span class='ocrx_word' id='word_1_171' title='bbox 856 3058 907 3114; x_wconf 84' lang='lat' dir='ltr'>let,</span> <span class='ocrx_word' id='word_1_172' title='bbox 928 3059 955 3104; x_wconf 82' lang='lat' dir='ltr'>in</span> <span class='ocrx_word' id='word_1_173' title='bbox 976 3073 1019 3106; x_wconf 84' lang='lat' dir='ltr'>cor</span> <span class='ocrx_word' id='word_1_174' title='bbox 1060 3059 1176 3106; x_wconf 78' lang='lat' dir='ltr'>Treiecto</span> <span class='ocrx_word' id='word_1_175' title='bbox 1203 3060 1293 3106; x_wconf 73' lang='lat' dir='ltr'>lateris</span> <span class='ocrx_word' id='word_1_176' title='bbox 1321 3059 1406 3105; x_wconf 69' lang='lat' dir='ltr'>miseri</span> 
     </span>
     <span class='ocr_line' id='line_1_26' title="bbox 268 3132 1404 3199; baseline 0.003 -19"><span class='ocrx_word' id='word_1_177' title='bbox 268 3132 328 3180; x_wconf 88' lang='lat' dir='ltr'>Non</span> <span class='ocrx_word' id='word_1_178' title='bbox 343 3140 441 3183; x_wconf 84' lang='lat' dir='ltr'>tantum</span> <span class='ocrx_word' id='word_1_179' title='bbox 452 3151 502 3185; x_wconf 92' lang='lat' dir='ltr'>non</span> <span class='ocrx_word' id='word_1_180' title='bbox 514 3136 628 3199; x_wconf 79' lang='lat' dir='ltr'>placabis,</span> <span class='ocrx_word' id='word_1_181' title='bbox 640 3151 727 3186; x_wconf 82' lang='lat' dir='ltr'>verum</span> <span class='ocrx_word' id='word_1_182' title='bbox 742 3139 815 3187; x_wconf 86' lang='lat' dir='ltr'>etiam</span> <span class='ocrx_word' id='word_1_183' title='bbox 855 3136 977 3196; x_wconf 63' lang='lat' dir='ltr'>capitisve</span> <span class='ocrx_word' id='word_1_184' title='bbox 996 3137 1085 3184; x_wconf 83' lang='lat' dir='ltr'>dolore.</span> <span class='ocrx_word' id='word_1_185' title='bbox 1115 3137 1153 3183; x_wconf 84' lang='lat' dir='ltr'>Ut</span> <span class='ocrx_word' id='word_1_186' title='bbox 1169 3138 1233 3184; x_wconf 78' lang='lat' dir='ltr'>solet</span> <span class='ocrx_word' id='word_1_187' title='bbox 1250 3134 1337 3184; x_wconf 86' lang='lat' dir='ltr'>referri</span> <span class='ocrx_word' id='word_1_188' title='bbox 1353 3150 1404 3184; x_wconf 90' lang='lat' dir='ltr'>non</span> 
     </span>
     <span class='ocr_line' id='line_1_27' title="bbox 268 3213 1404 3277; baseline 0.001 -17"><span class='ocrx_word' id='word_1_189' title='bbox 268 3217 433 3263; x_wconf 85' lang='lat' dir='ltr'>contemnere.</span> <span class='ocrx_word' id='word_1_190' title='bbox 854 3220 935 3276; x_wconf 84' lang='lat' dir='ltr'>potest</span> <span class='ocrx_word' id='word_1_191' title='bbox 951 3214 983 3261; x_wconf 84' lang='lat' dir='ltr'>ad</span> <span class='ocrx_word' id='word_1_192' title='bbox 1000 3213 1109 3262; x_wconf 88' lang='lat' dir='ltr'>dolorem</span> <span class='ocrx_word' id='word_1_193' title='bbox 1125 3214 1211 3262; x_wconf 87' lang='lat' dir='ltr'>lateris</span> <span class='ocrx_word' id='word_1_194' title='bbox 1228 3221 1253 3262; x_wconf 90' lang='lat' dir='ltr'>et</span> <span class='ocrx_word' id='word_1_195' title='bbox 1273 3214 1360 3277; x_wconf 83' lang='lat' dir='ltr'>capitis</span> <span class='ocrx_word' id='word_1_196' title='bbox 1377 3215 1404 3262; x_wconf 89' lang='lat' dir='ltr'>in</span> 
     </span>
     <span class='ocr_line' id='line_1_28' title="bbox 302 3293 1404 3358; baseline 0.005 -18"><span class='ocrx_word' id='word_1_197' title='bbox 302 3293 430 3343; x_wconf 82' lang='lat' dir='ltr'>Differunt</span> <span class='ocrx_word' id='word_1_198' title='bbox 449 3309 531 3356; x_wconf 77' lang='lat' dir='ltr'>purus</span> <span class='ocrx_word' id='word_1_199' title='bbox 551 3302 577 3344; x_wconf 89' lang='lat' dir='ltr'>et</span> <span class='ocrx_word' id='word_1_200' title='bbox 591 3303 678 3358; x_wconf 77' lang='lat' dir='ltr'>putus.</span> <span class='ocrx_word' id='word_1_201' title='bbox 715 3299 814 3355; x_wconf 76' lang='lat' dir='ltr'>Parae,</span> <span class='ocrx_word' id='word_1_202' title='bbox 855 3307 897 3341; x_wconf 70' lang='lat' dir='ltr'>cor</span> <span class='ocrx_word' id='word_1_203' title='bbox 913 3293 1055 3352; x_wconf 70' lang='lat' dir='ltr'>traiectum,</span> <span class='ocrx_word' id='word_1_204' title='bbox 1076 3307 1157 3358; x_wconf 79' lang='lat' dir='ltr'>neque</span> <span class='ocrx_word' id='word_1_205' title='bbox 1176 3295 1209 3341; x_wconf 71' lang='lat' dir='ltr'>ad</span> <span class='ocrx_word' id='word_1_206' title='bbox 1225 3296 1290 3342; x_wconf 74' lang='lat' dir='ltr'>mire</span> <span class='ocrx_word' id='word_1_207' title='bbox 1305 3297 1404 3342; x_wconf 76' lang='lat' dir='ltr'>emovit.</span> 
     </span>
     <span class='ocr_line' id='line_1_29' title="bbox 268 3372 1405 3437; baseline 0.001 -18"><span class='ocrx_word' id='word_1_208' title='bbox 268 3379 306 3420; x_wconf 85' lang='lat' dir='ltr'>est</span> <span class='ocrx_word' id='word_1_209' title='bbox 331 3372 376 3420; x_wconf 91' lang='lat' dir='ltr'>tibi</span> <span class='ocrx_word' id='word_1_210' title='bbox 399 3375 565 3437; x_wconf 86' lang='lat' dir='ltr'>proposuisti,</span> <span class='ocrx_word' id='word_1_211' title='bbox 589 3377 616 3423; x_wconf 91' lang='lat' dir='ltr'>in</span> <span class='ocrx_word' id='word_1_212' title='bbox 641 3377 751 3424; x_wconf 84' lang='lat' dir='ltr'>animum</span> <span class='ocrx_word' id='word_1_213' title='bbox 777 3377 814 3424; x_wconf 90' lang='lat' dir='ltr'>in·</span> <span class='ocrx_word' id='word_1_214' title='bbox 854 3374 985 3435; x_wconf 81' lang='lat' dir='ltr'>Quomodo</span> <span class='ocrx_word' id='word_1_215' title='bbox 994 3373 1060 3422; x_wconf 89' lang='lat' dir='ltr'>enim</span> <span class='ocrx_word' id='word_1_216' title='bbox 1070 3373 1251 3436; x_wconf 84' lang='lat' dir='ltr'>mirum,quod</span> <span class='ocrx_word' id='word_1_217' title='bbox 1252 3373 1315 3434; x_wconf 78' lang='lat' dir='ltr'>fieri</span> <span class='ocrx_word' id='word_1_218' title='bbox 1323 3373 1405 3421; x_wconf 71' lang='lat' dir='ltr'>solet?</span> 
     </span>
     <span class='ocr_line' id='line_1_30' title="bbox 268 3452 1404 3517; baseline 0.002 -18"><span class='ocrx_word' id='word_1_219' title='bbox 268 3452 372 3512; x_wconf 86' lang='lat' dir='ltr'>duxisti,</span> <span class='ocrx_word' id='word_1_220' title='bbox 388 3454 537 3502; x_wconf 83' lang='lat' dir='ltr'>constituisti</span> <span class='ocrx_word' id='word_1_221' title='bbox 553 3457 668 3517; x_wconf 81' lang='lat' dir='ltr'>placare,</span> <span class='ocrx_word' id='word_1_222' title='bbox 685 3455 713 3502; x_wconf 91' lang='lat' dir='ltr'>in</span> <span class='ocrx_word' id='word_1_223' title='bbox 728 3469 757 3502; x_wconf 90' lang='lat' dir='ltr'>eo</span> <span class='ocrx_word' id='word_1_224' title='bbox 774 3469 814 3512; x_wconf 87' lang='lat' dir='ltr'>es,</span> <span class='ocrx_word' id='word_1_225' title='bbox 854 3452 909 3500; x_wconf 86' lang='lat' dir='ltr'>Alii</span> <span class='ocrx_word' id='word_1_226' title='bbox 932 3453 1124 3514; x_wconf 73' lang='lat' dir='ltr'>iungunt‘mire</span> <span class='ocrx_word' id='word_1_227' title='bbox 1143 3467 1235 3511; x_wconf 71' lang='lat' dir='ltr'>mous,</span> <span class='ocrx_word' id='word_1_228' title='bbox 1251 3453 1319 3514; x_wconf 89' lang='lat' dir='ltr'>quod</span> <span class='ocrx_word' id='word_1_229' title='bbox 1340 3462 1404 3501; x_wconf 84' lang='lat' dir='ltr'>esset</span> 
     </span>
     <span class='ocr_line' id='line_1_31' title="bbox 268 3530 1402 3594; baseline 0 -14"><span class='ocrx_word' id='word_1_230' title='bbox 268 3537 296 3578; x_wconf 85' lang='lat' dir='ltr'>ut</span> <span class='ocrx_word' id='word_1_231' title='bbox 310 3532 462 3594; x_wconf 80' lang='lat' dir='ltr'>propositum</span> <span class='ocrx_word' id='word_1_232' title='bbox 479 3531 577 3581; x_wconf 88' lang='lat' dir='ltr'>efficere</span> <span class='ocrx_word' id='word_1_233' title='bbox 589 3533 697 3590; x_wconf 87' lang='lat' dir='ltr'>coneris,</span> <span class='ocrx_word' id='word_1_234' title='bbox 715 3533 813 3582; x_wconf 87' lang='lat' dir='ltr'>afficere</span> <span class='ocrx_word' id='word_1_235' title='bbox 854 3530 929 3578; x_wconf 85' lang='lat' dir='ltr'>valde</span> <span class='ocrx_word' id='word_1_236' title='bbox 940 3545 1020 3579; x_wconf 83' lang='lat' dir='ltr'>novus</span> <span class='ocrx_word' id='word_1_237' title='bbox 1032 3530 1215 3593; x_wconf 79' lang='lat' dir='ltr'>inauditusque.</span> <span class='ocrx_word' id='word_1_238' title='bbox 1232 3531 1320 3594; x_wconf 86' lang='lat' dir='ltr'>Neque</span> <span class='ocrx_word' id='word_1_239' title='bbox 1328 3530 1402 3581; x_wconf 84' lang='lat' dir='ltr'>Com·</span> 
     </span>
     <span class='ocr_line' id='line_1_32' title="bbox 268 3609 1403 3675; baseline 0 -17"><span class='ocrx_word' id='word_1_240' title='bbox 268 3612 330 3659; x_wconf 81' lang='lat' dir='ltr'>adeo</span> <span class='ocrx_word' id='word_1_241' title='bbox 347 3611 460 3675; x_wconf 83' lang='lat' dir='ltr'>incipias:</span> <span class='ocrx_word' id='word_1_242' title='bbox 480 3615 688 3674; x_wconf 69' lang='lat' dir='ltr'>putarpiacare,</span> <span class='ocrx_word' id='word_1_243' title='bbox 705 3613 812 3661; x_wconf 81' lang='lat' dir='ltr'>ostendit</span> <span class='ocrx_word' id='word_1_244' title='bbox 853 3615 977 3659; x_wconf 84' lang='lat' dir='ltr'>mentator</span> <span class='ocrx_word' id='word_1_245' title='bbox 988 3613 1050 3658; x_wconf 81' lang='lat' dir='ltr'>mire</span> <span class='ocrx_word' id='word_1_246' title='bbox 1061 3611 1251 3673; x_wconf 86' lang='lat' dir='ltr'>interpretatur:</span> <span class='ocrx_word' id='word_1_247' title='bbox 1263 3611 1347 3673; x_wconf 83' lang='lat' dir='ltr'>„quod</span> <span class='ocrx_word' id='word_1_248' title='bbox 1361 3609 1403 3667; x_wconf 80' lang='lat' dir='ltr'>fit,</span> 
     </span>
     <span class='ocr_line' id='line_1_33' title="bbox 268 3689 1402 3754; baseline 0.001 -17"><span class='ocrx_word' id='word_1_249' title='bbox 268 3697 394 3738; x_wconf 82' lang='lat' dir='ltr'>tentamen</span> <span class='ocrx_word' id='word_1_250' title='bbox 410 3691 462 3740; x_wconf 83' lang='lat' dir='ltr'>iam</span> <span class='ocrx_word' id='word_1_251' title='bbox 478 3691 620 3754; x_wconf 84' lang='lat' dir='ltr'>aliquandiu</span> <span class='ocrx_word' id='word_1_252' title='bbox 632 3692 812 3749; x_wconf 88' lang='lat' dir='ltr'>continuatum,</span> <span class='ocrx_word' id='word_1_253' title='bbox 854 3692 953 3752; x_wconf 81' lang='lat' dir='ltr'>quando</span> <span class='ocrx_word' id='word_1_254' title='bbox 968 3689 1071 3739; x_wconf 87' lang='lat' dir='ltr'>morbus</span> <span class='ocrx_word' id='word_1_255' title='bbox 1088 3705 1139 3740; x_wconf 91' lang='lat' dir='ltr'>non</span> <span class='ocrx_word' id='word_1_256' title='bbox 1155 3698 1257 3738; x_wconf 85' lang='lat' dir='ltr'>sanatur</span> <span class='ocrx_word' id='word_1_257' title='bbox 1267 3697 1292 3738; x_wconf 80' lang='lat' dir='ltr'>et</span> <span class='ocrx_word' id='word_1_258' title='bbox 1302 3690 1402 3749; x_wconf 84' lang='lat' dir='ltr'>desinit,</span> 
     </span>
     <span class='ocr_line' id='line_1_34' title="bbox 268 3769 1403 3832; baseline 0.003 -16"><span class='ocrx_word' id='word_1_259' title='bbox 268 3776 296 3816; x_wconf 90' lang='lat' dir='ltr'>ut</span> <span class='ocrx_word' id='word_1_260' title='bbox 312 3771 343 3818; x_wconf 91' lang='lat' dir='ltr'>de</span> <span class='ocrx_word' id='word_1_261' title='bbox 360 3770 427 3818; x_wconf 86' lang='lat' dir='ltr'>felici</span> <span class='ocrx_word' id='word_1_262' title='bbox 444 3778 534 3819; x_wconf 78' lang='lat' dir='ltr'>eventu</span> <span class='ocrx_word' id='word_1_263' title='bbox 555 3786 607 3820; x_wconf 91' lang='lat' dir='ltr'>non</span> <span class='ocrx_word' id='word_1_264' title='bbox 622 3772 726 3821; x_wconf 87' lang='lat' dir='ltr'>dubites.</span> <span class='ocrx_word' id='word_1_265' title='bbox 760 3773 812 3821; x_wconf 93' lang='lat' dir='ltr'>Ho·</span> <span class='ocrx_word' id='word_1_266' title='bbox 854 3770 897 3818; x_wconf 84' lang='lat' dir='ltr'>sed</span> <span class='ocrx_word' id='word_1_267' title='bbox 907 3770 1055 3819; x_wconf 83' lang='lat' dir='ltr'>immutatur</span> <span class='ocrx_word' id='word_1_268' title='bbox 1063 3776 1170 3828; x_wconf 84' lang='lat' dir='ltr'>tautum,</span> <span class='ocrx_word' id='word_1_269' title='bbox 1180 3769 1330 3832; x_wconf 88' lang='lat' dir='ltr'>morbusque</span> <span class='ocrx_word' id='word_1_270' title='bbox 1338 3783 1403 3819; x_wconf 88' lang='lat' dir='ltr'>mor·</span> 
     </span>
     <span class='ocr_line' id='line_1_35' title="bbox 267 3849 1403 3911; baseline 0.001 -16"><span class='ocrx_word' id='word_1_271' title='bbox 267 3849 346 3898; x_wconf 85' lang='lat' dir='ltr'>ratius</span> <span class='ocrx_word' id='word_1_272' title='bbox 371 3850 420 3897; x_wconf 88' lang='lat' dir='ltr'>iam</span> <span class='ocrx_word' id='word_1_273' title='bbox 442 3857 521 3898; x_wconf 87' lang='lat' dir='ltr'>totum</span> <span class='ocrx_word' id='word_1_274' title='bbox 546 3865 640 3898; x_wconf 86' lang='lat' dir='ltr'>annum</span> <span class='ocrx_word' id='word_1_275' title='bbox 661 3857 812 3898; x_wconf 84' lang='lat' dir='ltr'>tentaverat:</span> <span class='ocrx_word' id='word_1_276' title='bbox 854 3849 886 3898; x_wconf 92' lang='lat' dir='ltr'>bo</span> <span class='ocrx_word' id='word_1_277' title='bbox 903 3850 1034 3898; x_wconf 73' lang='lat' dir='ltr'>sueceditf‘</span> <span class='ocrx_word' id='word_1_278' title='bbox 1061 3849 1197 3898; x_wconf 86' lang='lat' dir='ltr'>Horkelius</span> <span class='ocrx_word' id='word_1_279' title='bbox 1206 3849 1305 3911; x_wconf 82' lang='lat' dir='ltr'>legebat</span> <span class='ocrx_word' id='word_1_280' title='bbox 1315 3851 1403 3898; x_wconf 80' lang='lat' dir='ltr'>emovit</span> 
     </span>
     <span class='ocr_line' id='line_1_36' title="bbox 267 3929 1402 3991; baseline -0.001 -15"><span class='ocrx_word' id='word_1_281' title='bbox 267 3935 348 3976; x_wconf 86' lang='lat' dir='ltr'>totum</span> <span class='ocrx_word' id='word_1_282' title='bbox 370 3943 463 3978; x_wconf 84' lang='lat' dir='ltr'>annum</span> <span class='ocrx_word' id='word_1_283' title='bbox 485 3943 581 3991; x_wconf 78' lang='lat' dir='ltr'>parare</span> <span class='ocrx_word' id='word_1_284' title='bbox 601 3943 653 3978; x_wconf 91' lang='lat' dir='ltr'>non</span> <span class='ocrx_word' id='word_1_285' title='bbox 670 3935 734 3977; x_wconf 89' lang='lat' dir='ltr'>recte</span> <span class='ocrx_word' id='word_1_286' title='bbox 750 3930 813 3977; x_wconf 84' lang='lat' dir='ltr'>dice·</span> <span class='ocrx_word' id='word_1_287' title='bbox 854 3935 961 3978; x_wconf 80' lang='lat' dir='ltr'>veterem</span> <span class='ocrx_word' id='word_1_288' title='bbox 982 3931 1064 3978; x_wconf 82' lang='lat' dir='ltr'>maior</span> <span class='ocrx_word' id='word_1_289' title='bbox 1084 3944 1169 3977; x_wconf 72' lang='lat' dir='ltr'>novur.</span> <span class='ocrx_word' id='word_1_290' title='bbox 1202 3929 1268 3976; x_wconf 89' lang='lat' dir='ltr'>Mihi</span> <span class='ocrx_word' id='word_1_291' title='bbox 1283 3929 1310 3975; x_wconf 90' lang='lat' dir='ltr'>in</span> <span class='ocrx_word' id='word_1_292' title='bbox 1331 3942 1402 3976; x_wconf 90' lang='lat' dir='ltr'>men-</span> 
     </span>
     <span class='ocr_line' id='line_1_37' title="bbox 268 4009 1404 4068; baseline 0 -14"><span class='ocrx_word' id='word_1_293' title='bbox 268 4015 343 4055; x_wconf 88' lang='lat' dir='ltr'>retur.</span> <span class='ocrx_word' id='word_1_294' title='bbox 376 4009 463 4056; x_wconf 84' lang='lat' dir='ltr'>Verba</span> <span class='ocrx_word' id='word_1_295' title='bbox 484 4009 642 4068; x_wconf 89' lang='lat' dir='ltr'>huiusmodi,</span> <span class='ocrx_word' id='word_1_296' title='bbox 658 4009 716 4057; x_wconf 91' lang='lat' dir='ltr'>licet</span> <span class='ocrx_word' id='word_1_297' title='bbox 738 4009 764 4056; x_wconf 87' lang='lat' dir='ltr'>in</span> <span class='ocrx_word' id='word_1_298' title='bbox 781 4009 812 4056; x_wconf 90' lang='lat' dir='ltr'>si·</span> <span class='ocrx_word' id='word_1_299' title='bbox 854 4013 904 4055; x_wconf 88' lang='lat' dir='ltr'>tem</span> <span class='ocrx_word' id='word_1_300' title='bbox 921 4015 1035 4057; x_wconf 85' lang='lat' dir='ltr'>venerat:</span> <span class='ocrx_word' id='word_1_301' title='bbox 1058 4009 1161 4055; x_wconf 84' lang='lat' dir='ltr'>Emouit</span> <span class='ocrx_word' id='word_1_302' title='bbox 1181 4013 1288 4054; x_wconf 65' lang='lat' dir='ltr'>vcinam</span> <span class='ocrx_word' id='word_1_303' title='bbox 1304 4009 1404 4054; x_wconf 64' lang='lat' dir='ltr'>arianae</span> 
     </span>
     <span class='ocr_line' id='line_1_38' title="bbox 268 4087 939 4152; baseline -0.001 -18"><span class='ocrx_word' id='word_1_304' title='bbox 268 4087 453 4150; x_wconf 84' lang='lat' dir='ltr'>gnificationem</span> <span class='ocrx_word' id='word_1_305' title='bbox 470 4088 556 4152; x_wconf 87' lang='lat' dir='ltr'>paullo</span> <span class='ocrx_word' id='word_1_306' title='bbox 566 4089 691 4137; x_wconf 88' lang='lat' dir='ltr'>diversam</span> <span class='ocrx_word' id='word_1_307' title='bbox 708 4088 813 4145; x_wconf 84' lang='lat' dir='ltr'>deflexa,</span> <span class='ocrx_word' id='word_1_308' title='bbox 855 4102 939 4135; x_wconf 75' lang='lat' dir='ltr'>novus.</span> 
     </span>
     <span class='ocr_line' id='line_1_39' title="bbox 267 4165 1402 4231; baseline -0.003 -18"><span class='ocrx_word' id='word_1_309' title='bbox 267 4166 419 4229; x_wconf 85' lang='lat' dir='ltr'>primitivam</span> <span class='ocrx_word' id='word_1_310' title='bbox 435 4182 486 4216; x_wconf 89' lang='lat' dir='ltr'>non</span> <span class='ocrx_word' id='word_1_311' title='bbox 502 4168 575 4231; x_wconf 85' lang='lat' dir='ltr'>plane</span> <span class='ocrx_word' id='word_1_312' title='bbox 597 4169 730 4231; x_wconf 90' lang='lat' dir='ltr'>deponunt.</span> <span class='ocrx_word' id='word_1_313' title='bbox 889 4165 955 4214; x_wconf 80' lang='lat' dir='ltr'>Cum</span> <span class='ocrx_word' id='word_1_314' title='bbox 968 4166 1007 4227; x_wconf 82' lang='lat' dir='ltr'>fit</span> <span class='ocrx_word' id='word_1_315' title='bbox 1021 4167 1105 4228; x_wconf 73' lang='lat' dir='ltr'>papii,</span> <span class='ocrx_word' id='word_1_316' title='bbox 1131 4171 1156 4213; x_wconf 80' lang='lat' dir='ltr'>et</span> <span class='ocrx_word' id='word_1_317' title='bbox 1178 4165 1300 4212; x_wconf 80' lang='lat' dir='ltr'>medicum</span> <span class='ocrx_word' id='word_1_318' title='bbox 1321 4168 1402 4225; x_wconf 73' lang='lat' dir='ltr'>arqet.</span> 
     </span>
     <span class='ocr_line' id='line_1_40' title="bbox 301 4241 1402 4311; baseline -0.006 -17"><span class='ocrx_word' id='word_1_319' title='bbox 301 4245 364 4294; x_wconf 85' lang='lat' dir='ltr'>Post</span> <span class='ocrx_word' id='word_1_320' title='bbox 385 4263 479 4309; x_wconf 77' lang='lat' dir='ltr'>paras,</span> <span class='ocrx_word' id='word_1_321' title='bbox 495 4261 546 4294; x_wconf 89' lang='lat' dir='ltr'>uno</span> <span class='ocrx_word' id='word_1_322' title='bbox 566 4261 639 4294; x_wconf 84' lang='lat' dir='ltr'>versu</span> <span class='ocrx_word' id='word_1_323' title='bbox 662 4248 813 4311; x_wconf 82' lang='lat' dir='ltr'>interposito,</span> <span class='ocrx_word' id='word_1_324' title='bbox 855 4244 892 4293; x_wconf 88' lang='lat' dir='ltr'>Ut</span> <span class='ocrx_word' id='word_1_325' title='bbox 916 4245 1004 4293; x_wconf 88' lang='lat' dir='ltr'>tibicen</span> <span class='ocrx_word' id='word_1_326' title='bbox 1026 4244 1080 4301; x_wconf 91' lang='lat' dir='ltr'>ille,</span> <span class='ocrx_word' id='word_1_327' title='bbox 1102 4241 1241 4306; x_wconf 86' lang='lat' dir='ltr'>phrenitide</span> <span class='ocrx_word' id='word_1_328' title='bbox 1262 4247 1402 4303; x_wconf 85' lang='lat' dir='ltr'>correptus,</span> 
     </span>
     <span class='ocr_line' id='line_1_41' title="bbox 267 4320 1277 4389; baseline -0.006 -16"><span class='ocrx_word' id='word_1_329' title='bbox 267 4327 380 4388; x_wconf 78' lang='lat' dir='ltr'>sequitur</span> <span class='ocrx_word' id='word_1_330' title='bbox 395 4329 502 4388; x_wconf 78' lang='lat' dir='ltr'>parasti.</span> <span class='ocrx_word' id='word_1_331' title='bbox 518 4328 567 4375; x_wconf 82' lang='lat' dir='ltr'>Vis</span> <span class='ocrx_word' id='word_1_332' title='bbox 580 4327 607 4374; x_wconf 92' lang='lat' dir='ltr'>in</span> <span class='ocrx_word' id='word_1_333' title='bbox 617 4327 722 4389; x_wconf 86' lang='lat' dir='ltr'>repetito</span> <span class='ocrx_word' id='word_1_334' title='bbox 739 4327 814 4376; x_wconf 84' lang='lat' dir='ltr'>verbo</span> <span class='ocrx_word' id='word_1_335' title='bbox 854 4324 912 4372; x_wconf 82' lang='lat' dir='ltr'>facit</span> <span class='ocrx_word' id='word_1_336' title='bbox 929 4324 996 4386; x_wconf 86' lang='lat' dir='ltr'>apud</span> <span class='ocrx_word' id='word_1_337' title='bbox 1012 4323 1117 4372; x_wconf 87' lang='lat' dir='ltr'>Lucian.</span> <span class='ocrx_word' id='word_1_338' title='bbox 1140 4320 1220 4372; x_wconf 82' lang='lat' dir='ltr'>Oonv.</span> <span class='ocrx_word' id='word_1_339' title='bbox 1237 4321 1277 4368; x_wconf 78' lang='lat'>20.</span> 
     </span>
     <span class='ocr_line' id='line_1_42' title="bbox 268 4401 1402 4470; baseline -0.005 -18"><span class='ocrx_word' id='word_1_340' title='bbox 268 4405 337 4452; x_wconf 87' lang='lat' dir='ltr'>nulla</span> <span class='ocrx_word' id='word_1_341' title='bbox 353 4413 396 4454; x_wconf 87' lang='lat' dir='ltr'>est.</span> <span class='ocrx_word' id='word_1_342' title='bbox 431 4405 481 4455; x_wconf 89' lang='lat' dir='ltr'>Vel</span> <span class='ocrx_word' id='word_1_343' title='bbox 498 4414 627 4470; x_wconf 86' lang='lat' dir='ltr'>propterea</span> <span class='ocrx_word' id='word_1_344' title='bbox 652 4405 740 4454; x_wconf 87' lang='lat' dir='ltr'>melius</span> <span class='ocrx_word' id='word_1_345' title='bbox 756 4409 812 4469; x_wconf 82' lang='lat' dir='ltr'>pin·</span> <span class='ocrx_word' id='word_1_346' title='bbox 889 4405 974 4452; x_wconf 75' lang='lat' dir='ltr'>Iussit</span> <span class='ocrx_word' id='word_1_347' title='bbox 998 4404 1136 4465; x_wconf 75' lang='lat' dir='ltr'>eapientem</span> <span class='ocrx_word' id='word_1_348' title='bbox 1162 4415 1264 4464; x_wconf 77' lang='lat' dir='ltr'>pascere</span> <span class='ocrx_word' id='word_1_349' title='bbox 1292 4401 1402 4448; x_wconf 82' lang='lat' dir='ltr'>barbam.</span> 
     </span>
     <span class='ocr_line' id='line_1_43' title="bbox 268 4479 1403 4549; baseline -0.007 -16"><span class='ocrx_word' id='word_1_350' title='bbox 268 4501 326 4535; x_wconf 85' lang='lat' dir='ltr'>cure</span> <span class='ocrx_word' id='word_1_351' title='bbox 340 4493 425 4549; x_wconf 74' lang='lat' dir='ltr'>pratas.</span> <span class='ocrx_word' id='word_1_352' title='bbox 834 4489 836 4541; x_wconf 60' lang='lat' dir='ltr'>t</span> <span class='ocrx_word' id='word_1_353' title='bbox 857 4484 937 4532; x_wconf 80' lang='lat' dir='ltr'>Acro:</span> <span class='ocrx_word' id='word_1_354' title='bbox 955 4482 1057 4542; x_wconf 83' lang='lat' dir='ltr'>„irrisio</span> <span class='ocrx_word' id='word_1_355' title='bbox 1068 4481 1301 4543; x_wconf 86' lang='lat' dir='ltr'>Philosophorum.“</span> <span class='ocrx_word' id='word_1_356' title='bbox 1319 4479 1352 4526; x_wconf 82' lang='lat' dir='ltr'>Et</span> <span class='ocrx_word' id='word_1_357' title='bbox 1369 4479 1403 4526; x_wconf 83' lang='lat' dir='ltr'>sic</span> 
     </span>
    </p>
   </div>
   <div class='ocr_carea' id='block_1_4' title="bbox 0 0 1776 5634">
    <p class='ocr_par' dir='ltr' id='par_1_15' title="bbox 0 0 1776 5634">
     <span class='ocr_line' id='line_1_44' title="bbox 0 0 1776 5634; baseline 0 1"><span class='ocrx_word' id='word_1_358' title='bbox 0 0 1776 5634; x_wconf 95' lang='lat' dir='ltr'> </span> 
     </span>
    </p>
   </div>
  </div>
 </body>
</html>
