3542 5634
680 566 862 630 LIBER
909 566 934 629 l.

284 750 371 831 Quid
392 753 484 814 vetat
507 753 540 813 et
563 754 692 813 nosmet
716 749 823 814 Lucili
847 749 969 835 scripta
992 749 1138 834 legentes

283 853 461 935 Quaerere,
488 873 569 916 num
592 851 702 934 illius,
727 874 808 916 num
826 874 935 917 rerum
958 853 1038 917 dura
1062 853 1191 937 negarit

281 956 467 1021 Versiculos
492 960 611 1020 natura
633 954 741 1039 magis
764 955 869 1020 factos
894 961 927 1021 et
950 962 1064 1021 euntes

282 1059 436 1143 Mollius,
460 1082 498 1124 ac
521 1059 550 1124 si
574 1058 666 1144 quis,
690 1057 829 1143 pedibus
853 1058 934 1144 quid
956 1058 1105 1124 claudere
1132 1058 1236 1141 senis,

283 1162 355 1228 Hoc
378 1168 510 1228 tantum
533 1166 727 1243 contentus,
752 1165 841 1225 amet
864 1161 1035 1246 scripsisse
1058 1160 1215 1228 ducentos

280 1265 371 1330 Ante
393 1266 504 1331 cibum
526 1287 657 1346 versus,
682 1264 822 1329 totidem
838 1265 1017 1329 coenatus?
1063 1263 1195 1328 Etrusci

282 1367 385 1446 Quale
407 1368 473 1432 fuit
497 1367 591 1433 Cassi
614 1367 731 1453 rapido
754 1366 935 1433 ferventius
959 1367 1050 1431 amni

276 1470 473 1555 Ingenium,
497 1470 604 1556 capsis
629 1493 728 1556 quem
750 1471 841 1536 fama
864 1475 916 1536 est
938 1493 1009 1536 esse
1032 1469 1191 1555 librisque

280 1573 484 1638 Ambustum
507 1573 658 1659 propriis.
707 1574 823 1638 Fuerit
846 1573 1013 1656 Lucilius,
1038 1573 1191 1658 inquam,

281 1675 392 1742 Comis
416 1682 450 1742 et
471 1677 636 1759 urbanus,
660 1676 760 1742 iirerit
783 1676 930 1741 limatior
953 1677 1058 1758 idem,

282 1778 390 1858 Quam
413 1774 504 1845 rudis
528 1785 562 1846 et
586 1780 719 1846 Graecis
744 1781 862 1845 intacti
885 1780 1040 1846 carminis
1065 1783 1196 1861 auctor,

282 1881 454 1968 Quamque
477 1889 649 1969 poetarum
673 1883 838 1948 seniorum
863 1883 975 1960 turba3
1001 1882 1059 1948 sed
1082 1882 1153 1964 ille,

282 1985 317 2050 Si
340 1985 425 2051 foret
446 1987 508 2052 hoc
531 1991 682 2051 nostrum
704 1985 775 2051 fato
799 1985 922 2050 dilatus
946 1986 982 2049 in
1006 2007 1140 2068 aevum,

271 2105 354 2162 Quale
366 2105 422 2165 suit
440 2104 513 2153 Cassi
534 2104 626 2165 rapido
639 2102 784 2166 ferventius
856 2101 1005 2151 Doderlinus
1039 2108 1110 2164 putat
1145 2107 1271 2149 auctorem
1304 2100 1377 2148 rudis

234 2185 306 2231 amni
333 2185 474 2246 Inpenium.
501 2182 590 2231 Horat.
599 2179 684 2231 Germ.
694 2181 743 2230 IV.
753 2195 783 2230 11.
823 2181 944 2230 carminis
960 2175 1018 2228 cuni
1029 2193 1090 2238 esse,
1108 2179 1255 2243 quiprimus
1266 2179 1373 2228 Pescen·

234 2263 267 2310 de
284 2261 405 2318 Pindaro,
430 2261 473 2323 qui
499 2263 591 2310 Fervet
606 2263 785 2323 immensisque
824 2261 897 2309 ninos
915 2273 1002 2308 versus
1017 2259 1111 2308 cocinit.

234 2343 292 2388 mit
310 2339 435 2404 prrrfundo
451 2355 500 2388 ore.
525 2339 617 2399 Attuli,
633 2346 663 2388 nt
679 2339 784 2389 maesse
859 2341 890 2389 Si
900 2340 973 2403 foret
988 2341 1031 2388 lroc
1047 2338 1376 2401 matrumfutodilatusin

234 2420 392 2469 emendarem
415 2417 482 2468 Vell.
498 2419 595 2467 Patere.
612 2420 649 2468 11.
668 2419 723 2468 105.
742 2418 783 2469 In·
823 2435 918 2468 aecum
952 2418 984 2467 ln
1010 2417 1065 2466 aliis
1086 2419 1185 2466 delatus
1201 2424 1226 2466 et
1251 2419 1376 2480 delapsus.

235 2504 309 2546 truta
323 2498 441 2561 protiosus
460 2499 608 2556 Germania,
625 2500 722 2548 subacti
735 2499 784 2547 Ga·
824 2498 897 2546 Talia
923 2511 995 2560 saepe
1024 2498 1051 2544 in
1077 2495 1153 2546 MSS.
1180 2493 1376 2553 confunduntur,

235 2576 378 2644 uinesates,
395 2579 524 2634 Attuarii,
538 2579 672 2637 Bructeri,
689 2579 785 2641 recepti
824 2592 848 2626 r.
865 2591 886 2625 c.
904 2576 1000 2626 Lucan.
1018 2575 1052 2624 X.
1070 2575 1253 2636 casualiquo
1271 2575 1378 2622 Pothini

239 2657 378 2714 Cherusci,
395 2662 420 2706 et
439 2659 607 2716 inamnc'mas,
623 2673 681 2706 neos
696 2663 785 2706 nostra
825 2658 935 2706 Munere
956 2658 1079 2704 Phoebeos
1103 2654 1198 2703 Caesar
1228 2653 1324 2700 dilatus
1349 2654 1376 2699 in

234 2736 307 2784 clade
322 2737 413 2784 nobilis
430 2736 542 2784 manmtu
570 2736 693 2797 Visurpis.
720 2733 784 2783 Con·
825 2741 905 2785 ortas.
942 2735 991 2786 Ubi
1016 2736 1042 2782 in
1062 2733 1146 2782 Berol.
1172 2734 1279 2782 delatus.
1317 2731 1377 2779 Non

235 2812 302 2860 iicio:
327 2815 441 2862 immensi
455 2829 551 2870 arnna,
577 2819 602 2863 et
623 2828 682 2861 mou·
697 2819 786 2861 nostra
825 2815 903 2875 idem,
919 2823 992 2880 puto,
1015 2814 1155 2878 significant
1171 2815 1270 2861 dilatus
1287 2815 1312 2858 et
1334 2812 1375 2858 ue·

235 2893 307 2940 clade
324 2895 420 2949 nobilia
440 2894 567 2941 transitus
587 2894 711 2953 Visurpis.
728 2890 785 2940 Alii
825 2896 903 2942 lotus.
930 2895 1079 2944 Discernere
1095 2892 1208 2940 conabor.
1242 2889 1319 2938 Nasci
1336 2889 1375 2935 de·

235 2969 292 3017 aliis
315 2971 395 3019 modis
424 2971 472 3018 ista
495 2977 635 3029 tentarunt;
661 2971 786 3018 transitus
825 2971 898 3020 bebat
914 2973 1032 3020 inventor
1058 2970 1154 3020 Satirae
1177 2969 1317 3025 Romanae,
1335 2979 1377 3013 no-

235 3049 286 3097 iam
303 3057 340 3099 cst
356 3049 480 3099 Rhenani
826 3051 894 3098 mine
914 3049 1038 3098 Lucilius:
1066 3049 1178 3110 quando,
1198 3046 1309 3094 homines
1335 3057 1378 3090 ne·

273 3129 358 3186 Quam
373 3129 447 3174 rudis
459 3132 484 3174 et
504 3128 611 3176 Graecis
629 3126 785 3174 intacit'car·
827 3129 916 3176 sciunt.
938 3128 1000 3176 Dies
1017 3125 1110 3174 Lucilii
1121 3124 1210 3173 natalis
1226 3139 1241 3171 a
1258 3124 1310 3171 fato
1320 3135 1377 3169 con·

236 3209 315 3254 minis
340 3212 435 3254 auctor.
467 3205 504 3254 Hi
520 3205 551 3252 de
575 3203 672 3261 Ennio,
693 3202 729 3250 illi
755 3203 786 3251 de
826 3206 926 3254 stitutus
948 3212 992 3254 est.
1026 3205 1118 3253 Fatum
1139 3202 1219 3251 voluit
1240 3216 1297 3250 eum
1322 3199 1378 3263 plus

236 3283 335 3335 Lucilio
351 3283 443 3332 dictum
458 3290 555 3346 putant.
575 3284 615 3332 Dc
631 3281 728 3331 Lucilio
745 3296 786 3330 ve·
827 3299 903 3349 quam
920 3283 1017 3332 saeculo
1035 3289 1091 3330 ante
1114 3282 1160 3330 hoc
1176 3295 1265 3329 aevum
1286 3279 1378 3326 rivere.

236 3377 294 3410 rum
310 3361 373 3410 mibi
389 3363 493 3411 videtur.
526 3365 561 3412 Et
582 3364 629 3413 hoc
645 3363 786 3412 Meinclrius
828 3364 856 3414 Si
872 3364 939 3412 diem
956 3362 1065 3411 natalem
1082 3359 1189 3416 Lucilii,
1211 3359 1233 3406 si
1249 3357 1377 3407 Lucilium

237 3440 357 3499 defendit,
374 3447 402 3488 ιιι
418 3441 598 3491 defenderatC.
614 3442 645 3491 F.
663 3442 786 3491 Hermon·
827 3444 873 3491 boc
890 3457 951 3490 aevo
972 3443 1057 3490 vivere
1074 3439 1204 3494 voluisset,
1225 3437 1271 3484 ille
1292 3452 1308 3484 a
1329 3435 1380 3483 fato

238 3534 287 3568 nus
307 3521 334 3568 in
353 3521 436 3570 libello
460 3523 622 3580 Academico,
648 3523 691 3584 qui
712 3522 777 3571 inter
827 3524 854 3571 in
870 3523 918 3570 hoc
938 3535 1027 3569 aevum
1050 3518 1138 3566 fuisset
1160 3518 1263 3566 dilatus.
1297 3515 1380 3566 Omne

238 3598 382 3660 pretabatnr
392 3617 468 3663 quam
479 3602 544 3650 idem
561 3617 615 3651 esse
626 3608 700 3666 atque
711 3616 787 3664 quam
827 3603 866 3659 id,
883 3601 950 3664 quod
966 3600 993 3647 in
1009 3597 1109 3646 homine
1126 3595 1168 3644 vel
1185 3609 1212 3643 re
1225 3593 1309 3657 aliqua
1325 3591 1380 3640 fieri

239 3692 287 3740 pro
308 3694 335 3727 eo
354 3681 427 3742 quod.
460 3680 602 3730 Meinekius
623 3696 673 3730 non
695 3681 788 3740 laudat,
828 3681 912 3738 debet,
937 3692 983 3727 nec
999 3676 1084 3726 statim
1101 3675 1140 3735 fit,
1166 3689 1216 3722 non
1237 3673 1321 3722 statim
1343 3685 1380 3720 re·

240 3756 372 3820 accipiens,
401 3758 541 3818 Lucilium,
569 3774 644 3822 quem
668 3759 788 3808 Horatius
828 3764 1007 3824 praesentatur,
1025 3754 1113 3804 hocin
1131 3753 1231 3802 homine
1248 3759 1272 3801 et
1288 3766 1315 3800 re
1333 3751 1383 3814 dis·

239 3835 389 3886 limatiorem
404 3837 479 3886 fuisse
495 3838 575 3886 dicere
591 3838 697 3895 volebat,
714 3853 789 3902 quam
822 3840 907 3903 ferri,
933 3839 985 3900 ipse
1011 3836 1085 3884 bomo
1110 3840 1134 3882 et
1163 3847 1203 3882 res
1229 3832 1331 3894 diffemi
1355 3830 1382 3877 in

240 3915 272 3963 ab
289 3915 418 3964 inventore
439 3916 508 3964 rudis
531 3916 681 3980 Graecisque
704 3917 789 3965 intacti
829 3917 897 3965 alind
920 3924 1017 3980 tempus
1039 3913 1137 3962 dicitur.
1174 3913 1215 3960 Ex
1241 3908 1383 3958 huiusmodi

240 3995 357 4043 carminis
368 3994 505 4058 exspectari
515 3995 601 4058 possit,
617 4009 644 4043 sc
659 3995 720 4058 ipso,
731 3996 790 4043 novi
830 3994 936 4044 formula
952 3991 1067 4055 exempla
1083 3990 1185 4038 iudicari
1200 3993 1310 4051 possunt,
1319 3997 1383 4048 quac

241 4073 339 4134 generis
355 4081 468 4133 auctore,
478 4073 627 4123 limatiorem
644 4074 727 4134 fuisse,
743 4073 791 4122 dici
831 4073 945 4125 Oudend.
962 4073 994 4120 ad
1012 4071 1114 4122 Sueten.
1127 4067 1227 4118 Caesar.
1244 4066 1284 4113 82.
1302 4071 1327 4111 ct
1341 4063 1383 4110 alii

241 4152 355 4215 potuisse.
397 4153 514 4201 Fortasse
549 4152 684 4215 simplicius
721 4160 790 4202 crat:
831 4155 863 4200 ad
879 4151 941 4200 alios
956 4151 1087 4212 scriptores
1104 4145 1247 4194 attulerunt.
1276 4141 1383 4191 Locutio

245 4230 329 4286 Quum
354 4231 428 4277 rudis
452 4235 477 4276 et
502 4231 608 4279 Graecis
627 4233 671 4292 qui
698 4233 792 4279 intacti
832 4231 929 4280 variata
954 4236 990 4278 est
1019 4243 1034 4276 a
1068 4223 1208 4275 Claudiano
1238 4221 1279 4269 De
1301 4219 1382 4268 Laud.

242 4309 365 4356 carminis
394 4314 494 4365 auctor,
518 4323 594 4372 quum
614 4323 668 4358 esse
696 4308 791 4357 debuit,
833 4309 889 4360 Stil.
906 4308 943 4357 11.
960 4307 1017 4356 454.
1035 4307 1071 4352 In
1088 4318 1160 4366 quem
1180 4301 1325 4348 distulimus
1336 4313 1384 4346 me-

242 4385 333 4448 potuit,
349 4399 402 4434 esse
418 4386 493 4446 solet,
510 4393 559 4442 est,
576 4386 619 4450 qui
630 4402 724 4436 novum
740 4402 792 4436 car·
834 4391 905 4438 liaris
915 4389 998 4436 saecla
1015 4384 1112 4432 mctalli
1125 4380 1217 4428 Consul
1229 4379 1307 4435 odat,
1318 4377 1385 4440 qnod

243 4464 317 4513 minis
325 4477 417 4526 genus,
434 4465 507 4529 idque
522 4464 649 4514 aGraecis
666 4467 793 4523 intactum,
834 4467 900 4515 idem
925 4471 962 4514 est
988 4471 1062 4526 atque
1092 4475 1167 4524 quem
1189 4457 1336 4506 distulimus
1357 4457 1386 4502 in

244 4545 338 4607 Primus
355 4543 495 4593 elaborarit.
835 4547 925 4595 saecla.
954 4544 1021 4605 Quid
1038 4547 1121 4590 autem
1138 4533 1260 4587 delatus?
1285 4532 1387 4583 Abieta
