3542 5634
435 513 496 574 176
824 511 1171 576 SATIRARUM

478 697 526 763 Ut
548 699 659 776 m0d0;
685 699 712 763 si
735 698 881 782 patinam
905 698 986 783 pede
1009 698 1120 782 lapsus
1143 697 1275 782 frangat
1297 720 1404 783 agaso.

476 800 540 866 Sed
563 802 795 885 convivatoris,
819 803 869 867 uti
894 803 1000 884 ducis,
1024 801 1195 886 ingenium
1218 823 1267 866 res

475 903 639 970 Adversas
661 905 783 970 nudare
807 906 932 987 solent,
952 906 1054 971 celare
1078 905 1272 970 secundae.“

474 1010 670 1077 Nasidienus
694 1012 853 1077 adhaec:
879 1011 973 1094 „Tibi
996 1011 1052 1094 di,
1077 1030 1297 1095 quaecumque
1320 1008 1480 1093 preceris,

476 1113 655 1179 Commoda
678 1116 773 1180 dent:
798 1115 845 1179 ita
868 1114 1043 1179 virbonus
1067 1135 1101 1178 es
1125 1113 1323 1198 convivaque
1347 1113 1488 1178 οοιιιὶιεα

474 1216 520 1280 Ει
543 1218 646 1283 soleas
671 1219 785 1304 poscit.
832 1203 914 1283 Tum
937 1218 972 1281 in
995 1218 1078 1283 lecto
1102 1238 1229 1302 quoque
1251 1216 1376 1282 rideres

476 1319 617 1386 Striderc
640 1327 763 1387 secreta
785 1323 907 1388 divisos
931 1343 1006 1386 aure
1029 1323 1211 1386 susurros.“

429 1506 533 1548 unctam
548 1507 624 1564 alque
640 1503 737 1552 lautum
753 1519 766 1552 e
783 1505 875 1552 balneis
901 1504 970 1552 Olia—
1011 1504 1065 1560 nia,
1096 1516 1256 1565 quaecunque
1283 1501 1397 1558 mereris,
1430 1501 1554 1550 commoda

429 1593 486 1626 sum
502 1581 533 1627 ab
550 1581 648 1628 animo?
669 1597 746 1644 quum
767 1583 811 1630 ille
826 1587 850 1629 el
866 1596 929 1630 cura
945 1587 970 1630 et
1012 1598 1086 1645 quarn
1107 1583 1215 1645 plurima
1236 1598 1251 1630 a
1267 1583 1330 1632 Deis
1350 1588 1493 1644 accepturus
1515 1583 1552 1630 sis.

429 1663 515 1706 sumtu
535 1660 684 1708 absumitur.
717 1660 758 1708 De
781 1660 906 1708 infinitivo
923 1661 971 1708 istc
1013 1661 1040 1711 Si
1056 1663 1175 1712 Horatius
1191 1662 1339 1725 scripsisset:
1356 1663 1404 1709 Ila
1421 1661 1554 1723 Di,quue·

429 1738 502 1786 multi
517 1738 607 1786 multa:
624 1740 680 1788 ride
696 1742 769 1790 modo
786 1740 854 1790 Cort.
872 1742 903 1788 ad
921 1743 971 1790 Lu·
1012 1756 1108 1804 cunque
1129 1745 1249 1804 preceris,
1275 1741 1409 1788 Commoda
1432 1742 1505 1797 dent,
1527 1746 1554 1787 ul

429 1833 482 1867 can.
499 1818 534 1868 V.
550 1820 607 1868 695.
624 1827 648 1868 et
663 1822 791 1870 Heindorf.
808 1822 840 1870 ad
857 1821 932 1871 Satir.
949 1822 971 1870 1.
1012 1822 1053 1868 air
1069 1822 1145 1868 boum
1160 1835 1187 1869 es
1202 1821 1350 1882 conrivaque
1371 1821 1460 1876 camir,
1483 1818 1553 1866 habe·

429 1911 467 1946 rx.
484 1899 524 1950 72.
556 1899 666 1949 Librarii
682 1916 754 1965 saepe
770 1904 795 1951 in
812 1903 972 1950 indicativum
1012 1913 1095 1947 remus
1111 1906 1136 1947 et
1152 1899 1269 1946 usitatam
1285 1898 1429 1953 formulam,
1453 1904 1479 1945 et
1500 1911 1554 1944 aeu-

428 1985 609 2026 converterunt.
626 1980 868 2030 Emendandusue.
881 1982 972 2045 Virgil.
1013 1985 1064 2025 tam
1085 1977 1190 2025 ironiam
1214 1978 1377 2026 lucraremur,
1409 1977 1474 2025 Tam
1499 1991 1553 2023 vere

429 2058 514 2121 Eclog.
530 2059 578 2108 IX.
593 2061 630 2111 17.
665 2063 739 2110 Heu!
756 2064 974 2124 eudereiuquem-
1012 2064 1070 2120 opto
1086 2058 1130 2104 tibi
1149 2058 1233 2105 omnia
1248 2058 1388 2113 commoda,
1408 2070 1483 2119 quam
1500 2070 1554 2103 vere

428 2151 504 2198 quam
520 2143 620 2186 lantum
635 2141 730 2188 scelus!
746 2140 789 2187 ubi
805 2140 973 2202 nnnelegitur
1013 2137 1089 2184 bonus
1106 2137 1146 2185 vir
1161 2151 1194 2185 es.
1228 2136 1338 2186 Stolidus
1349 2135 1552 2184 Nasidienusnon

427 2217 503 2263 eadit.
536 2217 630 2266 Mirum
641 2219 715 2276 adeo,
734 2220 862 2281 Angelum
875 2220 971 2268 Maium
1012 2223 1132 2275 senserat,
1144 2231 1170 2264 se
1187 2233 1202 2263 a
1217 2216 1353 2264 Balatrone
1370 2214 1480 2262 irrideri:
1509 2215 1553 2264 Ba-

427 2293 548 2344 Frontoni
562 2312 586 2359 p.
598 2298 654 2346 403,
671 2306 725 2361 post
737 2301 834 2347 decerni
845 2300 972 2348 intrusisse
1012 2294 1075 2343 latro
1100 2303 1181 2343 autem
1202 2294 1257 2342 fulsi
1273 2294 1349 2342 animi
1370 2294 1415 2342 Sibi
1435 2295 1553 2350 conscius,

427 2387 443 2418 a
460 2388 504 2422 suo
519 2376 647 2436 parsuli.
681 2375 729 2424 Sed
747 2383 812 2425 totus
837 2377 883 2425 iste
904 2376 972 2424 locus
1013 2374 1089 2422 verba
1110 2375 1235 2422 Nasidieni
1259 2374 1294 2422 sie
1319 2374 1427 2436 accipere
1443 2373 1553 2429 debebat,

428 2448 512 2499 afferri
539 2461 655 2510 merctur,
681 2455 740 2517 quia
758 2462 872 2516 corrupta
899 2468 971 2517 quae-
1014 2459 1042 2500 ιιι
1069 2454 1203 2501 Nasidieno
1234 2460 1375 2501 exsecratus
1406 2467 1459 2500 esse
1492 2453 1554 2500 ride·

430 2531 487 2578 dam
504 2532 530 2578 in
547 2546 575 2580 eo
592 2539 661 2580 sunt:
694 2535 753 2592 ¹Hoc
765 2535 829 2581 idem
839 2540 907 2582 recle
915 2550 972 2597 pro·
1013 2539 1089 2581 retur.
1123 2532 1196 2580 Talia
1220 2539 1278 2580 sunt
1297 2531 1341 2579 illa
1357 2531 1422 2593 apud
1439 2529 1553 2578 Plautum

430 2611 510 2658 cuum
526 2616 574 2670 est,
591 2615 613 2658 ri
623 2612 685 2673 sala
702 2617 793 2660 cauata
810 2613 921 2660 bumana
932 2616 971 2662 de

430 2695 575 2738 cernuntur.
593 2691 889 2750 Haaaiuesalodecerui?
905 2692 971 2740 Nul-

431 2769 484 2816 lum
503 2783 559 2829 erpa
575 2768 642 2816 iuter
658 2770 777 2816 bonosae
793 2769 870 2816 malos
885 2770 971 2832 sortu-

430 2861 523 2893 naram
545 2847 677 2896 discrimem
698 2849 765 2895 erit?
804 2848 885 2895 Nulla
906 2851 971 2906 dies,

431 2927 502 2974 mulla
516 2926 586 2988 satir
605 2928 767 2984 diiudicatio,
788 2929 859 2990 quali
873 2930 928 2977 ciro
936 2930 972 2992 fi-

431 3006 482 3053 lias
501 3009 640 3068 eripiatur?
672 3007 722 3056 Hic
741 3007 837 3067 Maius,
857 3015 885 3056 ut
907 3009 972 3068 dixi,

431 3097 480 3132 non
502 3092 566 3134 recte
583 3087 659 3134 edidit
676 3088 786 3136 Haecine
795 3089 857 3148 sata
874 3091 972 3138 decerrd

428 3180 480 3226 par
497 3165 573 3227 fuiti
604 3166 670 3214 'lurn
693 3166 720 3213 in
745 3165 891 3229 explicanda
914 3182 969 3230 per-

430 3257 502 3292 versa
517 3243 619 3293 lectione
635 3247 701 3302 dier,
718 3244 786 3304 feeit,
803 3247 867 3308 quod
878 3248 970 3310 potuit;

429 3323 501 3370 nulla
525 3325 577 3373 dies
600 3325 774 3387 interpretans,
799 3339 887 3388 nempe
911 3331 971 3376 adea

428 3402 660 3466 sarcasmorum,
682 3403 722 3452 rel
743 3404 849 3453 referens
870 3407 902 3453 ad
918 3421 970 3454 rem

421 3481 557 3544 forassem.
601 3484 712 3548 Simplex
739 3493 763 3533 et
789 3500 875 3534 verum
903 3494 969 3535 erat:

430 3561 511 3610 Nulla
538 3563 599 3622 Dis,
628 3566 699 3613 nullu
717 3564 789 3625 sotis
812 3567 971 3627 diiudicatio,

428 3643 500 3702 quali
525 3643 579 3691 uiro
598 3644 674 3705 filius
700 3647 834 3706 eripiatur,
875 3646 971 3695 Fronto

429 3719 572 3768 breviante
594 3721 702 3769 dixerat:
726 3723 806 3785 Saepe
826 3726 904 3772 etiam
924 3741 969 3773 ea:-

426 3801 525 3860 poslalo
534 3815 590 3848 eum
605 3803 654 3848 Dls
665 3803 860 3859 immortalibus,
876 3805 969 3866 elsata

427 3879 510 3940 impia
526 3879 648 3940 compello.

462 3960 520 4008 albi
534 3958 581 4017 Di,
598 3975 756 4022 quaeeunque
766 3961 884 4022 preceris,
898 3960 969 4010 Conr-

427 4041 500 4088 moda
516 4041 589 4088 deul:
607 4041 646 4088 ila
662 4043 703 4089 sir
720 4042 794 4089 bouus
809 4055 846 4099 ea,
857 4042 969 4089 conviva-

426 4133 473 4178 que
494 4120 576 4167 camis.
608 4118 774 4182 Quaecunque
794 4120 921 4168 commoda
941 4129 969 4170 tu

426 4195 473 4243 tibi
489 4197 583 4259 precari
593 4199 682 4258 possis,
700 4204 758 4261 opto
768 4205 796 4246 ut
807 4198 856 4247 Dei
867 4199 914 4246 ista
925 4201 967 4248 tri·

426 4274 514 4335 buant;
538 4282 563 4324 et
579 4289 611 4324 ax
635 4277 717 4326 animo
740 4285 809 4340 opto,
834 4278 893 4342 qaia
916 4286 966 4327 tam

426 4353 504 4403 bonus
522 4356 561 4402 vir
586 4369 619 4404 es.
652 4356 769 4406 Horatius
795 4357 900 4406 scribere
924 4372 966 4421 po-

426 4435 523 4484 tuisset:
540 4451 698 4500 quaeeunque
714 4440 827 4499 mereri&
851 4445 903 4487 tam
924 4438 965 4487 bo-

1014 2611 1113 2675 Captiv.
1130 2610 1179 2660 III.
1197 2625 1223 2659 v.
1238 2612 1278 2663 87.
1306 2613 1346 2658 Tu
1358 2612 1554 2672 Aristophanes,

1013 2694 1043 2739 de
1059 2707 1097 2740 me
1112 2700 1143 2738 ut
1164 2693 1293 2749 meruisti,
1318 2692 1358 2740 ita
1382 2692 1445 2739 vale.
1479 2689 1554 2738 Pseu-

1014 2771 1063 2820 dol.
1080 2771 1128 2822 IV.
1151 2787 1168 2820 1.
1190 2774 1230 2821 ³3.
1265 2774 1311 2820 Ita
1335 2788 1374 2820 me
1396 2771 1436 2819 Dl
1460 2776 1553 2825 ammi,

1014 2859 1100 2915 utepa
1118 2856 1247 2910 abluam,
1271 2854 1366 2909 Simia,
1382 2851 1516 2914 perfidiam
1531 2855 1555 2897 le

1013 2948 1075 2982 amo.
1108 2931 1201 2981 Casina
1224 2931 1375 2981 11.111.18.
1409 2930 1453 2977 Mi
1477 2932 1553 2991 lepos:

1012 3014 1142 3076 respondet
1158 3012 1231 3061 alter:
1248 3028 1333 3076 nempe
1348 3013 1400 3068 ila,
1415 3015 1444 3056 at
1455 3016 1485 3058 tu
1496 3008 1554 3056 mibi

1013 3106 1045 3139 es.
1078 3092 1207 3141 Phaedrus
1224 3092 1272 3140 IV.
1289 3105 1307 3138 1.
1326 3090 1363 3139 19.
1398 3090 1441 3137 Sic
1461 3089 1553 3138 salem

1012 3171 1146 3235 ursariae
1161 3187 1200 3229 es,
1216 3187 1280 3234 quae
1289 3173 1363 3219 iaces
1387 3170 1461 3230 Quod
1471 3168 1553 3216 dubito

1012 3265 1045 3297 an
1066 3251 1208 3314 interpretes
1229 3257 1293 3300 recte
1313 3249 1429 3314 ceperint.
1463 3249 1553 3298 Teren-

1012 3330 1107 3377 tianum
1123 3338 1189 3379 certe
1205 3330 1279 3378 illud:
1296 3332 1409 3388 valeant,
1425 3331 1471 3391 qui
1487 3331 1553 3376 iuter

1012 3424 1056 3457 aaa
1071 3411 1205 3458 discidium
1223 3412 1314 3468 velint,
1335 3421 1364 3454 eo
1379 3420 1430 3454 non
1445 3412 1499 3453 erat
1515 3418 1550 3452 re·

1012 3488 1146 3538 ferendum.
1172 3491 1241 3537 Felir
1251 3487 1380 3535 ridebatur
1390 3485 1551 3549 essefarinu,

1012 3583 1061 3617 non
1088 3575 1147 3616 erat.
1192 3568 1251 3617 Mus
1279 3567 1374 3623 abiens,
1401 3564 1510 3621 dicebat,
1526 3570 1551 3609 ιιι

1011 3664 1064 3697 mos
1080 3655 1146 3705 erat,
1162 3650 1229 3707 eale,
1246 3649 1289 3696 sed
1305 3647 1352 3706 sic,
1368 3651 1398 3694 ut
1407 3646 1504 3707 surina
1514 3659 1549 3692 er:

1011 3742 1061 3776 non
1077 3735 1139 3786 erat;
1157 3741 1217 3788 ergo
1234 3727 1256 3775 ei
1271 3741 1322 3774 non
1338 3724 1450 3788 optabat,
1467 3731 1495 3772 ιιι
1511 3741 1550 3772 υα-

1011 3810 1085 3865 leret,
1102 3807 1145 3854 sed
1161 3814 1259 3864 contra,
1275 3813 1304 3854 ut
1319 3804 1417 3868 periret.
1451 3803 1550 3854 Similli-

1010 3901 1078 3934 mum
1095 3885 1157 3934 illud
1173 3886 1258 3934 Plauti
1279 3899 1355 3948 snpra
1375 3884 1494 3932 allatum:
1523 3887 1551 3932 de

1009 3983 1047 4014 me
1063 3973 1092 4014 ιιι
1109 3969 1236 4025 πιενιιὶειι,
1255 3968 1295 4014 ila
1317 3969 1378 4014 eale,
1411 3963 1480 4012 Male
1502 3978 1549 4012 me-

1008 4047 1091 4106 ruisti,
1109 4061 1168 4109 argo
1178 4046 1244 4094 male
1254 4045 1346 4094 valeas.
1370 4043 1493 4107 Exempla
1504 4044 1549 4092 for-

1008 4126 1091 4174 mulae
1107 4126 1171 4174 bono
1187 4141 1260 4174 sensu
1276 4125 1411 4183 adhibitae,
1423 4131 1482 4171 sunt
1491 4137 1547 4186 qno

1008 4219 1055 4269 que
1076 4204 1102 4253 in
1123 4205 1221 4254 Plauto.
1243 4220 1267 4253 r.
1284 4219 1304 4252 c.
1326 4203 1402 4253 Stich.
1425 4203 1547 4252 1v.1.1.

1008 4287 1055 4334 lla
1070 4301 1108 4334 me
1125 4285 1164 4335 Dt
1180 4288 1238 4335 berre
1254 4289 1350 4342 ament,
1366 4298 1479 4346 areasque
1487 4284 1547 4331 nubi

1007 4367 1065 4413 berre
1081 4367 1219 4414 amarant
1228 4363 1316 4426 filias,
1339 4366 1375 4413 Ul
1391 4364 1453 4411 mibi
1463 4363 1547 4424 volupe

1007 4448 1056 4501 est,
1068 4443 1262 4507 Pumpbilippe,
1273 4443 1333 4504 quia
1344 4455 1386 4489 aas
1396 4442 1425 4487 ia
1434 4439 1547 4502 patriam

425 4525 472 4560 nus
489 4515 527 4562 vir
543 4529 583 4574 es,
599 4523 639 4574 ut,
664 4518 685 4565 si
709 4518 753 4566 tibi
778 4531 894 4581 apprecer
914 4533 964 4567 om·
1005 4523 1103 4570 domium
1121 4522 1226 4570 Redime
1242 4523 1318 4570 rideo.
