3542 5634
655 485 838 550 LIBER
884 487 952 550 1..
1034 481 1037 486 ’

257 672 379 738 Contra
401 677 575 754 mercator,
601 671 713 736 navim
736 671 936 737 iactantibus
960 671 1111 756 Austris,

257 775 404 858 „Militia
427 783 478 840 est
500 773 615 859 potior.
658 773 745 853 Quid
769 774 872 839 enirn?
906 774 1133 841 Concurritur:
1157 777 1254 841 horae

195 933 199 937 ,
256 880 426 944 Memento
449 878 515 944 cita
538 899 626 943 mors
650 877 741 942 venit
764 883 822 943 aut
845 879 982 945 victoria
1005 880 1124 945 laeta.“

254 981 445 1066 Agricolam
466 979 581 1044 laudat
604 979 684 1044 iuris
707 979 883 1065 legumque
906 981 1048 1066 peritus',

256 1084 324 1149 Sub
347 1082 430 1168 galli
453 1088 588 1147 cantum
611 1082 779 1146 consultor
802 1082 858 1147 ubi
883 1083 968 1148 ostia
990 1085 1110 1169 pulsat.

255 1186 334 1268 Ille,
362 1185 449 1249 datis
473 1185 627 1267 vadibus,
651 1184 709 1269 qui
732 1207 804 1250 rure
828 1191 992 1251 extractus
1016 1187 1052 1250 in
1076 1187 1188 1252 urbem
1211 1192 1272 1268 est,

255 1275 348 1355 Solos
371 1288 483 1352 felices
506 1287 654 1353 viventes
678 1286 801 1352 clamat
823 1288 859 1352 in
882 1289 970 1354 urbe.

254 1392 379 1559 (RQ
392 1387 432 1456 de
454 1413 572 1476 genere
594 1392 673 1473 hoo,
698 1391 778 1456 adeo
802 1391 1026 1475 sunt'multa,
1049 1394 1219 1479 loquacem

288 1496 445 1560 elasssare
467 1494 580 1560 valent
603 1493 753 1559 Fabium.

803 1495 853 1560 Ne
877 1501 910 1560 te
933 1518 1052 1578 morer,
1078 1497 1172 1578 audi,

254 1597 325 1677 Quo
348 1620 417 1663 rem
441 1591 608 1662 deducam.
659 1597 791 1681 Siquis
816 1598 905 1664 Deus
931 1585 1114 1685 ,‚E1i‘ego“
1140 1597 1243 1681 dicat,

254 1700 349 1782 „Iam
372 1700 491 1766 faciam
514 1700 603 1784 quod
625 1699 741 1765 vultis:
766 1700 829 1765 eris
853 1707 909 1783 tu,
935 1703 992 1787 qui
1015 1704 1112 1768 modo
1135 1702 1247 1784 miles,

181 1909 185 1915 ·
207 1895 319 1936 uomere,
337 1883 618 1941 Damoetas,met1u,
636 1882 772 1942 rrchister.

204 1960 386 2021 prohibebant?
515 2010 518 2015 Δ

231 2037 301 2085 Acro
308 2037 348 2084 hic
356 2037 526 2085 adHoratinm
534 2035 674 2083 annotavit:
684 2052 757 2098 „qro-

206 2117 244 2163 ris
258 2117 342 2162 arab:
355 2114 463 2176 figurata
474 2114 591 2171 elocutio,
603 2128 647 2175 per
654 2119 758 2163 annos.“

205 2194 266 2241 Non
276 2194 349 2240 video
360 2192 419 2254 quid
430 2191 532 2254 figurati
542 2191 575 2238 sit
584 2191 610 2238 in
619 2193 704 2253 creuit
713 2208 757 2240 aa·

205 2274 254 2320 nis.
282 2272 390 2334 Legitne
407 2272 433 2320 in
443 2271 549 2330 Horatio
564 2272 650 2331 oreris
661 2273 757 2318 aanor?

205 2353 262 2400 Hoc
272 2358 336 2399 esset
347 2350 494 2413 figuratum,
512 2356 536 2397 et
547 2348 704 2411 interpretari
714 2364 756 2411 po-

206 2430 266 2478 tuit:
284 2431 383 2492 „ureret
399 2444 490 2486 annos,
510 2427 618 2489 figurata
640 2426 756 2487 elocuto,

205 2523 252 2571 pro
260 2511 359 2558 eanuf‘
371 2509 411 2557 Ita
419 2522 490 2555 mox:
501 2544 515 2564 „
520 2507 641 2555 Fructus:
650 2505 757 2568 figurate

204 2586 297 2637 fractus
314 2587 434 2645 membra,
450 2586 515 2634 sicut
527 2587 612 2648 pictus
624 2600 673 2634 cerr
686 2587 755 2634 ebla-

205 2669 303 2729 mydem
308 2686 318 2727 ‚-
329 2668 355 2715 id
367 2673 411 2725 ast,
423 2666 503 2714 fracta
514 2664 627 2713 membra
639 2664 756 2713 habens.“

239 2746 368 2795 Memento
394 2747 443 2793 rita
467 2759 534 2793 mors
558 2746 634 2792 uenit.
673 2743 755 2792 Bentl.

205 2839 238 2872 ex
255 2823 332 2873 MSS.
349 2825 417 2873 dedit
434 2830 479 2872 aut
497 2824 549 2872 citu
566 2837 643 2880 mors,
661 2829 689 2870 ut
708 2823 755 2872 ele-

797 1882 931 1940 inferatur,
962 1884 1083 1932 Horatius
1112 1885 1191 1931 vitare
1215 1882 1347 1944 potuisset,

797 1961 903 2009 victorio
912 1962 1063 2023 praemissa:
1081 1961 1208 2011 Memento
1222 1961 1290 2007 vertit
1301 1965 1346 2006 aut

797 2039 904 2086 victoria
921 2041 1001 2094 laetu,
1020 2043 1073 2089 etta
1090 2045 1136 2087 aut
1154 2051 1227 2086 mora
1259 2036 1309 2085 Sed
1326 2037 1347 2083 si

798 2122 862 2163 esset
883 2117 1041 2175 ominosum,⁸
1058 2129 1137 2179 neque
1158 2113 1281 2178 particula
1302 2114 1348 2163 tol-

798 2191 871 2252 leret,
889 2209 935 2243 nec
951 2197 1024 2257 poeta
1041 2203 1092 2244 tam
1108 2194 1222 2243 infirmus
1239 2201 1299 2241 orat.

833 2273 863 2321 Si
878 2277 935 2336 quis
948 2278 1028 2324 Deus.
1053 2274 1142 2324 Cicero
1158 2275 1189 2322 de
1200 2273 1295 2323 Sencot.
1307 2274 1348 2322 23.

800 2351 830 2400 St
850 2355 909 2414 quis
927 2355 999 2402 Deus
1020 2355 1083 2402 milti
1103 2355 1244 2416 luryt'ctur,
1266 2359 1295 2401 ut
1316 2369 1348 2401 ete

798 2433 845 2479 leae
870 2438 954 2480 aetate
979 2447 1155 2495 repuerascam
1175 2437 1200 2480 et
1221 2433 1249 2478 ire
1272 2433 1346 2480 eureio

797 2511 913 2571 urcium,
938 2513 1011 2560 uelde
1035 2526 1154 2561 recusem.
1196 2510 1284 2558 Horat.
1311 2509 1346 2558 11.

798 2603 846 2636 vn.
869 2589 915 2637 24:
944 2591 1035 2638 laudas
1058 2591 1200 2638 Fortunam
1222 2594 1247 2637 et
1268 2603 1348 2637 morea

798 2671 919 2731 antiquae
934 2671 1026 2731 plebis,
1045 2675 1071 2718 et
1090 2671 1154 2718 idem
1160 2704 1167 2729 ,
1191 2670 1220 2718 Si
1241 2669 1348 2732 quitari

797 2750 850 2797 istc
867 2751 939 2797 Deua
955 2751 1037 2797 subito
1055 2755 1079 2797 te
1096 2753 1167 2810 aqut,
1184 2762 1260 2809 usque
1276 2760 1346 2795 reeu-

796 2842 844 2876 ret.
878 2827 972 2876 Seneca
997 2827 1077 2890 Epist.
1103 2826 1143 2874 96.
1177 2827 1240 2888 Ipse
1263 2831 1287 2874 te
1309 2827 1346 2873 r'n·

205 2906 305 2968 gentius
314 2913 339 2954 et
346 2906 427 2968 magis
439 2904 613 2953 Horatianum.
631 2903 756 2965 Exempla
797 2912 912 2969 terream
932 2910 954 2955 si
970 2908 1028 2969 quis
1043 2910 1192 2967 potestatem
1210 2905 1257 2951 abt
1274 2905 1347 2952 Deus

204 2979 429 3033 Horatiana'nihil
452 2982 571 3044 probant,
590 2980 649 3043 quia
666 2981 693 3027 in
709 2988 756 3029 aut
790 2984 891 3046 factet,
915 2991 1004 3033 utrum
1025 2985 1085 3032 relt‘s
1102 2985 1183 3031 meere
1199 2983 1226 3030 iu
1244 2983 1347 3031 nracello

198 3065 316 3119 ·Nireus,
337 3068 383 3109 aut
403 3062 577 3118 Parrhasius,
596 3066 642 3107 eut
659 3060 755 3108 intonit
797 3077 830 3110 un
848 3066 992 3112 incastris
1028 3064 1124 3112 Auctor
1146 3061 1213 3110 Dial.
1237 3061 1266 3109 do
1284 3059 1345 3110 Ora-

204 3148 313 3191 metrum
336 3143 389 3190 sine
410 3139 532 3204 particula
552 3154 603 3187 non
623 3145 754 3187 constaret.
797 3148 842 3188 tor.
860 3141 900 3190 41.
937 3143 967 3190 Si
988 3147 1035 3188 ortt
1057 3155 1099 3188 coa
1119 3141 1248 3201 prioribus
1263 3152 1346 3188 saecu·

203 3224 239 3271 Et
255 3221 276 3268 si
293 3221 401 3284 legimus
418 3223 539 3268 momento
552 3220 619 3275 ceta,
632 3218 755 3280 particula
797 3221 839 3278 lis,
857 3226 904 3268 out
922 3222 979 3275 isti,
1002 3234 1061 3282 quos
1078 3220 1215 3277 orirentur,
1233 3219 1272 3267 bis
1289 3221 1346 3266 nati

202 3307 251 3350 aut
267 3301 398 3363 cogitando
414 3299 534 3362 repetitur
550 3313 582 3346 ex
599 3313 635 3361 sq.
656 3304 703 3345 aur
719 3300 754 3346 vi·
797 3305 891 3362 essent,
909 3315 939 3349 uc
957 3301 1030 3348 Deus
1047 3299 1140 3361 aliquis
1156 3299 1223 3347 uitas
1240 3305 1344 3356 cestros,

203 3382 286 3430 clorio
304 3383 380 3428 laeto.
411 3378 494 3447 Bentl.
512 3377 626 3444 librarios
643 3377 755 3425 omisisse
796 3385 882 3427 vostra
908 3385 1021 3441 tempora
1045 3382 1184 3433 mutasset,
1209 3392 1253 3425 uec
1278 3378 1345 3424 uobis

203 3465 287 3521 putat,
312 3459 371 3522 quia
394 3460 478 3506 demto
501 3462 548 3503 out
572 3470 646 3503 suum
671 3457 755 3503 versui
795 3470 895 3504 summa
911 3458 958 3504 illc
976 3457 1032 3502 laus
1048 3460 1073 3502 et
1089 3456 1171 3516 cloria
1189 3457 1216 3502 r'n
1232 3457 1344 3516 eloquen-

203 3546 312 3586 metrum
328 3536 462 3585 constabat.
495 3534 572 3582 Dicto
589 3533 691 3582 difficile
708 3540 755 3589 est,
797 3535 848 3592 tt'c,
865 3549 943 3596 aeque
958 3534 1011 3580 illis
1027 3533 1114 3580 arodus
1127 3537 1152 3580 et
1167 3538 1344 3594 temperamen-

203 3624 289 3665 utrum
310 3617 337 3663 in
358 3615 402 3662 tali
423 3627 510 3661 caussa
532 3614 564 3661 sit
580 3609 753 3670 librariorum,
797 3620 851 3663 tam
868 3613 998 3676 desolaret.
1029 3612 1159 3660 Maximus
1178 3612 1271 3675 Tyrius
1287 3612 1345 3660 Dis-

202 3711 236 3743 an
258 3695 413 3757 scriptorum.
447 3692 567 3741 Davisius
589 3695 621 3740 ad
641 3691 752 3741 Ciceron.
795 3700 852 3752 sert.
869 3693 905 3741 V.
922 3708 946 3755 p.
959 3692 998 3741 56.
1016 3692 1057 3740 rai
1074 3692 1095 3740 ἓι
1113 3709 1152 3748 τις
1169 3691 1241 3751 θεῶν,
1260 3691 1344 3755 ὥσπερ

203 3775 280 3824 Taso.
289 3773 338 3823 IV.
350 3773 391 3822 12.
406 3773 542 3829 annotavit,
556 3772 610 3820 lieri
619 3772 753 3835 aliquando
795 3772 823 3820 ἐν
839 3771 947 3835 δράματι
964 3769 1110 3832 ὑποκριτὴς,
1129 3767 1263 3825 ἀποδύσας
1275 3767 1345 3817 ’ἑκασ-

202 3867 287 3916 posse,
309 3860 350 3911 ut,
368 3853 433 3914 quod
449 3851 565 3898 librarius
582 3850 704 3907 omiserit,
721 3850 752 3896 ab
794 3869 841 3900 rou
859 3853 904 3899 τοῦ
922 3848 1051 3911 παρόντος
1067 3847 1128 3908 βίου
1145 3847 1186 3894 καὶ
1198 3846 1343 3910 σχήματος,

201 3932 258 3994 ipso
273 3932 398 3995 scriptore,
410 3930 536 3978 brevitatis
546 3930 636 3989 studio,
644 3936 751 3992 praetor·
793 3927 950 3994 μεταμφιέσει
967 3928 999 3974 τὰ
1018 3928 1063 3974 τοῦ
1081 3925 1206 3986 πλησίου,
1225 3925 1298 3981 αὖθις
1312 3926 1344 3973 αὖ

202 4011 308 4059 missum
325 4016 431 4072 putetur.
465 4009 567 4057 Ruhnk.
585 4007 751 4057 auVell.Pa-
794 4007 817 4056 ol
835 4006 908 4055 αὐτοὶ
926 4006 1015 4052 ἐκεῖνοι
1031 4001 1171 4062 ποθήσουσι
1184 4004 1231 4066 μὲν
1245 4004 1277 4052 τὰ
1286 4004 1345 4066 πρό-

121 4142 123 4146 ,
202 4087 373 4137 tere.11.110.
406 4087 539 4136 Davisium
557 4101 615 4134 vere
632 4086 753 4134 iudicasse
794 4103 861 4147 repa,
877 4083 1027 4146 ὀδυροῦνται
1052 4080 1077 4128 δὲ
1103 4081 1135 4130 τὰ
1153 4081 1277 4145 παρόντα.
1312 4081 1342 4129 In

122 4209 125 4215 ,
203 4169 345 4217 arbitratur.
388 4167 511 4229 Equidem
543 4173 568 4214 et
593 4167 633 4214 hic
658 4165 753 4228 aliquid
794 4165 833 4212 his
850 4161 971 4224 exemplis
988 4165 1084 4208 tantum
1101 4157 1263 4216 memoratur,
1285 4161 1344 4222 quid

107 4272 117 4314 ⁴,
202 4240 265 4296 s'ono
287 4247 397 4294 dandum
422 4245 511 4293 iudico.
552 4245 683 4293 Memento
706 4251 754 4292 eut
794 4241 907 4290 homines
932 4238 1064 4294 senserint,
1081 4237 1102 4284 si
1127 4237 1182 4299 quis
1207 4238 1276 4286 Dens
1293 4238 1344 4286 illis

116 4349 117 4356 .
203 4329 257 4375 cita
276 4341 356 4383 mors,
380 4325 479 4388 plenius
501 4337 530 4371 ae
550 4323 652 4370 suavius
674 4329 752 4370 sonat.
794 4322 840 4369 hoc
864 4319 906 4367 vel
931 4318 994 4367 illud
1019 4317 1184 4365 concessisset.
1226 4315 1265 4364 De
1289 4317 1344 4364 Deo

108 4436 132 4476 w,
204 4405 277 4466 Quod
301 4405 383 4454 Bentl.
408 4393 547 4452 ominosum
571 4402 646 4465 plane
669 4409 694 4450 et
717 4402 753 4449 in·
795 4399 858 4448 nihil
879 4405 1006 4461 praeterea
1028 4396 1150 4444 adiicitur.
1183 4395 1345 4452 Videbimus,

110 4510 112 4517 .
205 4485 312 4534 faustum
326 4485 397 4541 dicit,
410 4483 458 4531 nisi
470 4481 592 4546 particula
606 4480 755 4530 disiunctiva
796 4479 855 4542 quid
872 4476 991 4525 Horatius
1008 4475 1124 4524 adiecisse
1141 4475 1261 4522 videatur.

1169 4555 1212 4616 l*

1347 1823 1669 1859 ‘w
