3542 5634
414 488 476 550 138
801 474 1152 548 SATIRARUM

455 668 596 734 Massica
619 668 648 734 si
671 667 759 733 coelo
783 689 946 753 suppones
968 669 1046 734 vina
1068 688 1198 748 sereno,

454 771 638 854 Nocturna,
663 770 692 836 si
715 768 794 854 quid
817 771 917 836 crassi
940 776 1006 853 est,
1030 769 1218 836 tenuabitur
1241 789 1338 849 aura,

455 874 502 939 nt
522 874 655 940 decedet
677 873 755 938 odor
777 873 884 944 nervis
908 874 1079 972 inimicum
1104 877 1139 937 at
1161 871 1220 935 illa

454 978 623 1063 Integrum
646 977 787 1062 perdunt
809 977 878 1044 lino
901 977 1019 1042 vitiata
1041 996 1197 1061 saporem.

456 1080 647 1146 Surrentina
670 1080 759 1145 vafer
782 1081 838 1165 qui
860 1080 978 1146 miscet
999 1079 1088 1145 faece
1111 1079 1251 1144 Falerna

455 1184 559 1266 Vina,
583 1184 770 1250 columbino
794 1184 912 1249 limum
934 1184 1017 1249 bene
1038 1183 1168 1268 colligit
1189 1202 1261 1263 ovo,

455 1286 623 1366 Quatenus
646 1287 713 1370 ima
732 1287 817 1373 petit
841 1288 976 1353 volvens
998 1287 1105 1352 aliena
1127 1284 1269 1350 vitellus.

453 1390 559 1455 Tostis
578 1396 777 1456 marcentem
792 1390 925 1476 squillis
945 1390 1102 1456 recreabis
1120 1394 1154 1455 et
1174 1388 1257 1453 Afra

456 1493 609 1558 Potorem
629 1493 773 1559 cochlea:
798 1515 876 1558 uam
894 1494 1023 1559 lactuca
1042 1493 1173 1557 innatat
1194 1491 1260 1556 acri

455 1595 536 1660 Post
557 1597 673 1660 vinum
696 1597 880 1675 stomacho;
905 1618 1006 1682 perna
1026 1596 1132 1682 magis
1155 1617 1192 1660 ac
1211 1593 1318 1679 magis
1336 1591 1429 1657 hillis

456 1697 604 1783 Flagitat
623 1699 798 1766 immorsus
822 1700 928 1778 refici;
953 1700 1033 1785 quin
1056 1699 1167 1765 omnia
1184 1697 1297 1779 malit,

444 1871 513 1918 Nam
538 1873 638 1920 lactuca
663 1873 767 1920 innatat
791 1873 848 1921 acri
890 1873 954 1920 Post

410 1953 494 1998 viuum
518 1952 650 2000 stomacho.
684 1949 761 1999 Modo
784 1955 896 2013 potorem
913 1964 954 2013 ap

409 2028 511 2092 pellavit
535 2036 693 2078 marcentem.
733 2030 820 2088 Hunc,
846 2029 893 2087 ait,
917 2043 954 2076 re·

409 2108 502 2156 creabis
523 2108 621 2172 squillis
644 2115 668 2156 et
689 2107 755 2157 Afra
771 2107 876 2156 cochlea.
909 2107 954 2157 Di·

409 2200 491 2235 cerem
519 2194 543 2235 et
564 2191 676 2245 lactura,
702 2189 745 2237 sed
772 2204 802 2237 ea
827 2186 955 2236 stomacho

409 2266 568 2329 acri-potoris
585 2267 688 2316 innatat.
714 2266 833 2317 Marcms
855 2275 880 2316 et
896 2282 955 2315 acer

408 2359 441 2392 au
458 2351 523 2394 recte
542 2347 576 2394 sic
585 2347 767 2408 coniungantur
776 2346 870 2404 dubito,
879 2345 954 2394 etiam

409 2424 431 2471 si
448 2439 506 2472 acer
523 2425 663 2488 significare
684 2431 766 2488 posset
788 2439 845 2474 acer
855 2425 955 2486 sactus,

410 2505 461 2552 acri
478 2505 582 2554 humore
603 2505 714 2554 affectus.
738 2505 859 2553 Marcam
876 2503 956 2562 aliud,

409 2583 528 2641 similius,
545 2584 694 2648 postularet,
711 2598 734 2631 v.
747 2597 767 2630 c.
786 2581 880 2630 lassum
893 2618 901 2641 ,
913 2598 954 2630 oe·

409 2677 495 2723 mura:
513 2663 556 2711 sed
573 2662 672 2711 Horatii
689 2675 742 2710 esse
753 2661 866 2709 coniicio:
885 2663 955 2708 Nam

411 2742 511 2790 lactuca
534 2743 637 2789 trauatat
668 2742 736 2788 amab
778 2743 843 2789 Post
867 2742 955 2787 aluum

409 2821 542 2868 stomacho.
572 2817 718 2868 Stomachus
736 2819 826 2881 potoris
843 2832 955 2866 marcens

373 2935 375 2940 ,
410 2897 558 2946 recreandus
583 2903 620 2945 est
637 2897 709 2946 rebus
735 2897 817 2956 salsis,
839 2896 955 2946 adderem

410 2983 435 3025 et
452 2979 560 3036 aeribus,
578 2983 606 3024 at
623 2993 648 3025 v.
659 2991 679 3026 c.
696 2977 800 3038 lactuca,
817 2978 859 3026 sed
871 2992 901 3026 ea
918 2977 954 3025 in-

410 3062 480 3104 natat
495 3057 634 3114 stomacho,
660 3057 703 3120 qui
725 3058 805 3120 potius
832 3057 955 3106 ferventia

410 3143 493 3197 amat,
519 3151 594 3200 quam
618 3136 739 3184 lactucam
764 3144 789 3184 et
809 3135 858 3184 alia
880 3136 954 3184 huius

410 3214 514 3278 generis.
527 3217 574 3273 Ea,
586 3223 612 3263 ut
620 3221 645 3264 et
652 3215 740 3278 rapula
748 3225 772 3264 et
789 3216 891 3274 radices,
907 3215 954 3264 lias-

410 3309 466 3343 sum
496 3295 596 3358 quidem
620 3295 773 3343 stomachum
800 3294 953 3358 pervellunt,

411 3373 484 3424 Satir.
501 3375 537 3425 11.
560 3389 618 3423 v111.
644 3376 673 3432 7,
690 3375 733 3423 sed
756 3389 807 3422 uon
831 3382 885 3437 post
918 3373 953 3421 vi·

410 3469 478 3502 num.

442 3533 605 3582 Doderlinus:
637 3534 727 3592 „Edidi
756 3547 788 3580 ex
815 3533 955 3581 coniectura

410 3626 466 3660 mea
482 3615 565 3672 acris,
588 3627 632 3674 pro
649 3615 711 3660 aori.
746 3611 820 3660 Satir.
842 3611 878 3660 11.
895 3627 954 3662 vm.

410 3692 434 3743 7.
463 3690 606 3738 coufirmat:
632 3693 705 3738 acria
723 3693 819 3740 cirrum
836 3693 954 3752 Bupalo,

409 3772 529 3827 lactucae,
551 3771 660 3828 radices,
678 3772 765 3831 qualia
781 3771 874 3818 lassum
892 3772 954 3818 Per·

408 3850 505 3897 aettuut
527 3849 689 3898 stomachum.
723 3846 789 3908 Quid
810 3847 877 3895 enim
899 3851 955 3898 aori

408 3929 549 3978 stomacho?
573 3927 612 3975 Eo
628 3925 715 3974 melius
732 3932 785 3974 erat
801 3927 890 3974 lasso.“

993 1871 1108 1933 Propert.
1126 1870 1176 1919 111.
1194 1883 1230 1918 v1.
1247 1869 1287 1917 21.
1307 1871 1432 1918 Inruerea
1444 1884 1537 1930 aequa·

994 1953 1028 1997 lea
1045 1950 1149 1998 videant
1166 1964 1221 1996 arua
1234 1949 1337 1996 vulnera
1348 1949 1416 1997 collo.
1434 1946 1477 1996 Sic
1487 1947 1543 2010 plu-

994 2029 1059 2076 rima
1075 2027 1153 2078 MSS.
1176 2027 1296 2075 Heinsius
1313 2033 1337 2074 et
1354 2026 1397 2073 alii
1413 2025 1544 2074 malebant

994 2110 1116 2157 immerso.
1150 2107 1209 2156 Sine
1225 2121 1319 2155 caussa.
1353 2107 1420 2155 Nam
1439 2107 1543 2154 videant

995 2203 1050 2235 mea
1065 2189 1169 2235 uulnera
1185 2189 1213 2234 ia
1229 2188 1290 2235 eollo
1307 2200 1385 2233 arorso
1402 2191 1428 2232 et
1444 2191 1543 2232 senten·

994 2265 1043 2313 tiae
1068 2272 1093 2314 et
1116 2264 1249 2314 Latinitati
1264 2271 1316 2312 tam
1332 2262 1435 2326 pulchre
1452 2276 1541 2312 conve-

995 2345 1040 2402 nit,
1057 2352 1093 2402 ut,
1109 2345 1130 2391 si
1147 2345 1174 2392 in
1189 2342 1303 2392 omnibus
1319 2342 1397 2392 MSS.
1413 2341 1543 2404 legaretur

995 2427 1123 2481 iaaaaumso,
1140 2424 1253 2488 equidem
1260 2423 1394 2486 legendum
1406 2421 1542 2470 iudicarem

995 2505 1116 2552 taenareo.
1134 2502 1226 2553 Statius
1238 2501 1317 2551 Theb.
1328 2501 1379 2550 HL
1394 2501 1452 2550 628.
1470 2505 1543 2550 Dum

995 2585 1097 2642 clamat,
1112 2585 1180 2631 subit
1196 2598 1238 2632 are
1254 2597 1313 2630 aava
1333 2583 1543 2631 Tteumesiaoor-

996 2677 1051 2708 uus.
1091 2663 1144 2712 Nea
1173 2663 1305 2724 probibeat
1324 2659 1431 2722 fauces,
1458 2667 1541 2710 traus-

995 2743 1074 2788 missa
1091 2746 1169 2789 morte
1184 2756 1230 2802 per
1247 2746 1326 2788 artus.
1360 2740 1482 2796 Labitur,
1496 2741 1540 2788 im-

996 2837 1125 2884 morsaque
1138 2824 1229 2870 cadens
1242 2821 1366 2868 obmutuit
1379 2821 1462 2868 basta.
1479 2820 1541 2881 Quis

995 2915 1046 2949 nou
1066 2901 1134 2950 videt
1160 2907 1253 2963 quanto
1280 2898 1418 2962 elegantius
1443 2899 1489 2948 sit:
1513 2902 1541 2948 iu

996 2996 1125 3044 morsuque
1141 2983 1231 3029 eadem
1246 2981 1370 3028 obmutuit
1381 2981 1465 3027 basta.
1491 2978 1541 3040 Qui

996 3060 1129 3117 clamabat,
1151 3058 1274 3107 obmutuit
1297 3059 1325 3106 ia
1348 3072 1432 3107 morso
1455 3061 1541 3116 basto,

995 3141 1055 3188 dum
1071 3141 1168 3188 hastam
1185 3137 1324 3195 mordebat,
1340 3138 1368 3186 in
1383 3151 1470 3185 morsu
1486 3137 1540 3185 has·

995 3225 1043 3276 tae,
1059 3221 1239 3266 immurmurat
1255 3220 1344 3266 bastae
1359 3219 1503 3275 admmam,
1512 3224 1540 3264 ut

995 3306 1033 3346 est
1043 3297 1108 3360 apud
1120 3295 1210 3346 Silium
1218 3295 1252 3345 V.
1269 3297 1325 3346 331.
1343 3295 1437 3358 Virgil.
1448 3293 1539 3356 Georg.

995 3377 1044 3426 IV.
1060 3376 1118 3424 236.
1135 3377 1197 3423 luta
1213 3376 1255 3423 ira
1276 3376 1374 3424 modum
1395 3389 1477 3437 supra
1493 3381 1539 3430 est,

995 3459 1123 3518 laesaeque
1132 3469 1251 3504 amenum
1267 3453 1394 3503 Marathus
1403 3456 1540 3517 imptraut,

995 3542 1020 3585 et
1041 3537 1139 3596 spicula
1162 3548 1232 3583 caesa
1253 3536 1413 3596 relinquunt,
1435 3535 1540 3596 affixae

995 3615 1075 3671 amu,
1099 3614 1246 3674 animasque
1266 3614 1295 3661 iu
1313 3615 1415 3662 aulum
1434 3620 1538 3676 ponuat.

995 3693 1082 3743 Valer.
1098 3693 1169 3740 Max.
1186 3691 1237 3740 111.
1253 3705 1283 3740 ιι.
1302 3693 1339 3741 11.
1363 3694 1438 3754 arque
1452 3694 1540 3755 plenae

995 3773 1099 3820 ultiouis
1116 3771 1236 3819 ommibus
1256 3772 1385 3832 aspiravit.
1419 3771 1453 3820 In
1474 3771 1538 3822 Veli

995 3850 1126 3900 Paterculo
1137 3849 1188 3914 HI.
1200 3850 1240 3902 ⁸7.
1273 3848 1415 3913 Cleopatra,
1420 3851 1547 3916 fnestra·-

974 3958 976 4008 Ι
996 3934 1029 3980 tis
1037 3933 1271 3988 catassamitum
1279 3933 1376 3994 aspide,
1387 3948 1539 3982 marsusaue

443 4009 530 4056 Perua
546 4009 627 4069 mapia
643 4021 673 4056 aa
690 4008 770 4070 mapis
790 4006 860 4054 hillis
894 4008 955 4054 Fla·
973 4009 976 4063 1
994 4013 1054 4065 eius,
1070 4025 1160 4072 aspera
1176 4011 1305 4060 muliebris
1321 4013 1537 4074 nataasptrtmm

409 4089 478 4149 pltat
494 4087 628 4134 immamus
644 4085 722 4148 refici
754 4083 809 4133 Alii
825 4083 913 4147 legunt
928 4087 955 4133 iu

409 4181 511 4214 aaarsus.
544 4165 672 4214 Bentleias
696 4171 781 4213 tuetur
809 4167 955 4221 immamus,

409 4246 455 4294 hoc
471 4251 517 4303 est,
542 4247 685 4304 adoramus,
705 4247 843 4302 deormsus,
862 4252 890 4292 ut
905 4252 954 4293 sto

408 4325 511 4372 machus
528 4323 586 4372 cibis
604 4323 737 4372 acrioribus
755 4323 893 4383 vellicatus,
910 4338 953 4372 ex·

408 4404 495 4450 citatas
521 4403 601 4452 tuerit.
635 4403 710 4452 Recte
727 4402 847 4466 profecto,
870 4404 892 4452 si
907 4418 953 4467 pro

409 4486 539 4532 immamus
564 4483 650 4532 idonea
677 4491 785 4534 exstaret
812 4485 951 4534 auctoritas.

995 4090 1120 4137 redama·
1137 4089 1302 4138 Ruhnkeuius
1320 4090 1396 4139 verba
1412 4105 1469 4139 cum
1479 4092 1536 4140 Aci-

994 4167 1059 4216 (balio
1075 4169 1226 4231 transponit,
1244 4183 1329 4218 morsu
1345 4171 1404 4227 uus,
1421 4185 1482 4219 sane
1497 4186 1535 4218 es·

992 4263 1065 4310 pers,
1086 4254 1111 4295 et
1127 4250 1155 4295 aa
1171 4255 1228 4296 ante
1244 4264 1339 4306 morsu,
1361 4251 1427 4312 quod
1444 4250 1535 4299 eratin

994 4326 1056 4375 libro
1072 4334 1184 4395 vetusto,
1201 4328 1271 4375 eiicit.
1305 4328 1361 4390 Ego
1378 4343 1435 4376 eum
1447 4328 1534 4377 Vossio

994 4412 1018 4453 et
1034 4407 1138 4455 Heinsio
1154 4421 1258 4456 servem.
1279 4404 1411 4470 Cleopatra
1422 4410 1532 4473 spiritum

994 4485 1096 4535 reddidit
1113 4488 1140 4535 iu
1156 4501 1240 4536 morsu
1256 4485 1358 4549 aspidis,
1374 4489 1434 4537 dum
1452 4489 1482 4537 ab
1498 4503 1532 4537 aa·
