3542 5634
796 487 1147 553 SATIRARUM

446 676 661 762 Mille-pedes
689 677 723 740 in
747 676 870 757 fronte,
895 680 1055 740 trecentos
1081 675 1196 760 cippus
1219 675 1255 738 in
1279 697 1395 760 agrum

448 778 513 844 Hic
533 779 649 858 dabat3
672 780 805 845 heredes
828 784 1083 844 monumentum
1111 799 1152 843 ne
1174 782 1369 864 sequeretur.

447 882 544 948 Nunc
561 882 639 948 licet
663 882 823 969 Esquiliis
852 881 1000 947 habitare
1022 882 1225 964 salubribus,
1251 886 1349 968 atque

448 983 578 1069 Aggere
601 983 636 1049 in
659 984 768 1070 aprico
792 983 946 1069 spatiari,
975 985 1160 1070 quomodo
1185 985 1295 1049 tristes

448 1088 544 1153 Albis
569 1089 742 1154 informem
767 1088 960 1174 spectabant
986 1088 1115 1153 ossibus
1139 1111 1272 1174 agrum3

451 1191 560 1270 Quum
584 1190 668 1256 mihi
691 1213 758 1256 non
781 1197 913 1257 tantum
935 1189 1088 1276 furesque
1111 1191 1276 1277 feraeque,
1301 1195 1413 1255 suetae

404 1331 525 1380 sentiebat
536 1332 854 1390 Doderlinus,ooniiciens:
871 1333 952 1394 sepul·
995 1331 1120 1382 differunt.
1154 1332 1228 1382 Plebs
1254 1334 1346 1381 misera
1367 1346 1417 1380 uon
1440 1327 1549 1378 habebat

404 1427 476 1461 eruut
493 1417 518 1460 et
537 1413 680 1460 Pantolabo
695 1427 800 1460 scurrae
819 1413 954 1460 Nomento·
997 1417 1182 1460 monumentum
1207 1413 1234 1460 in
1256 1410 1337 1474 puteis
1359 1410 1418 1459 suis.
1451 1407 1550 1472 Cippus

406 1506 486 1552 noque
506 1492 598 1552 nepoti.
631 1476 759 1549 Fortasse,
780 1488 829 1546 ait,
851 1495 955 1550 uterque
996 1490 1109 1538 monebat
1124 1488 1205 1538 locum
1223 1504 1276 1538 csse
1292 1489 1426 1553 publicum.

405 1568 518 1625 vivebat,
535 1575 560 1616 et
570 1568 689 1616 Horatius
701 1569 731 1616 iis
743 1575 834 1616 sortem
845 1567 956 1615 futuram
1029 1569 1125 1629 Appere
1141 1570 1169 1616 in
1179 1570 1402 1634 opocarpatum,
1419 1581 1467 1630 quo
1478 1567 1552 1614 modo

406 1646 533 1711 praedicit.
566 1647 635 1696 Acro
646 1647 787 1696 annotavit:
805 1646 956 1704 „Nomenta-
998 1646 1087 1693 trater.
1103 1685 1107 1692 .
1121 1646 1250 1695 Bentleius
1272 1662 1305 1695 ex
1329 1647 1473 1696 coniectura
1497 1661 1551 1707 quo

407 1741 455 1775 nus
475 1726 594 1790 prodigus
610 1725 658 1773 fuit
674 1731 699 1774 et
721 1726 805 1774 omnia
826 1724 891 1772 bona
913 1738 959 1770 sua
998 1724 1074 1772 inodo
1108 1725 1208 1774 Horatii
1221 1733 1294 1789 puto:
1313 1728 1447 1788 Apperee'n
1460 1726 1552 1785 aprico

408 1805 595 1864 comederat3et
605 1805 731 1867 eleganter
740 1803 883 1852 hisduobus
893 1802 958 1850 Pan·
998 1804 1162 1864 spatiantur,
1189 1810 1234 1868 qui
1262 1809 1331 1855 modo
1360 1809 1452 1854 tristes.
1498 1801 1553 1862 Qui

408 1884 491 1933 tolabo
507 1891 532 1932 et
547 1883 707 1958 Nomentano
718 1883 784 1945 apud
794 1882 922 1945 Esquilias
934 1881 959 1928 in
999 1883 1073 1930 modo
1090 1884 1215 1947 Esquilias
1228 1885 1408 1948 praeteribant,
1426 1890 1451 1932 et
1467 1884 1553 1932 tristes

408 1963 512 2027 publicis
545 1963 645 2011 ustrinis
676 1968 867 2010 monumentum
901 1959 960 2007 dicit
1001 1961 1146 2023 spectabant
1168 1977 1258 2025 agrum
1280 1964 1376 2012 ossibus
1393 1961 1456 2010 albis
1474 1961 1553 2010 infor-

410 2044 494 2101 fuisse,
503 2043 563 2107 quia
578 2041 705 2106 privatum
715 2039 805 2088 habere
815 2038 898 2086 locum
909 2051 960 2085 non
1001 2053 1079 2097 mem,
1096 2055 1176 2099 nunc,
1193 2041 1215 2089 si
1226 2043 1315 2100 velint,
1327 2043 1362 2090 ibi
1373 2042 1485 2090 habitare
1495 2055 1553 2104 pos-

411 2129 558 2185 potuerant,
582 2120 697 2169 omnibus
722 2119 774 2166 suis
798 2117 961 2180 absumptis.“
1001 2125 1073 2175 sunt,
1099 2127 1122 2168 ct
1149 2121 1198 2168 iam
1223 2121 1282 2170 laeti
1305 2122 1332 2170 in
1354 2122 1438 2185 aprico
1458 2134 1555 2183 aggere

409 2200 501 2248 Paullo
517 2199 593 2262 igitur
609 2198 698 2246 melius
709 2197 756 2245 sibi
766 2194 890 2244 consuluit
900 2195 961 2244 Coe·
1001 2198 1145 2260 spatiantur.
1171 2199 1289 2264 Apitzius
1305 2199 1403 2262 legebat
1419 2202 1463 2262 qui
1481 2201 1555 2248 modo

384 2268 386 2271 ¹
409 2281 457 2328 lius
467 2277 509 2327 ille
520 2280 687 2336 Mantuanus,
705 2277 736 2324 de
751 2290 803 2339 quo
815 2274 918 2324 Servius
930 2275 961 2321 ad
1003 2279 1103 2337 tristes,
1127 2278 1291 2342 interpretans
1314 2293 1396 2338 „nunc
1417 2278 1476 2327 licet
1496 2293 1554 2342 spa-

410 2360 503 2422 Virgil.
530 2358 583 2407 Ecl.
611 2359 662 2406 111.
689 2357 744 2406 105.
772 2354 831 2418 „qui
855 2354 961 2402 venditis
1002 2357 1058 2404 tiari
1085 2358 1111 2405 in
1135 2359 1255 2421 Esquiliis
1282 2366 1307 2407 et
1330 2360 1357 2406 in
1381 2371 1488 2420 aggere,
1509 2356 1556 2404 ubi

410 2439 524 2486 omnibus
545 2437 617 2486 rebus
639 2443 664 2484 st
684 2433 836 2496 consumptis
852 2440 962 2481 tantum·
1003 2435 1086 2498 paullo
1102 2443 1160 2484 ante
1176 2452 1236 2500 ager
1252 2437 1345 2486 ossibus
1363 2435 1480 2484 deformis
1497 2449 1555 2498 spe-

410 2520 485 2568 modo
502 2519 549 2567 sibi
565 2517 673 2580 spolium
686 2513 962 2575 reservavit,quodse·
1003 2514 1121 2565 etabatur.
1156 2517 1226 2579 Ergo
1242 2517 1346 2564 antebac
1362 2529 1413 2562 non
1424 2515 1507 2576 magis
1519 2514 1555 2562 ibi

412 2597 498 2660 pulcro
515 2597 661 2646 sufficeret.“
1003 2593 1104 2656 spatiari
1120 2594 1233 2644 licebat.“
1266 2594 1356 2644 Paullo
1381 2594 1468 2641 durius
1485 2593 1555 2641 vide-

450 2678 584 2724 Trecentoa
601 2674 836 2736 opportunorum
854 2673 963 2721 Hicda-
1004 2678 1057 2731 tur,
1086 2675 1144 2722 lieet
1171 2677 1295 2737 spatiari,
1324 2673 1368 2736 qni
1395 2673 1556 2736 spectabant,

413 2756 468 2801 but:
493 2755 594 2802 heredes
615 2756 802 2800 monumentum
827 2767 858 2799 ue
881 2765 963 2813 seque·
1004 2752 1094 2801 omisso
1112 2754 1171 2800 illo.

412 2839 493 2881 retur.
526 2831 674 2894 Explicant:
695 2829 742 2878 hac
764 2828 859 2878 adiecta
879 2829 963 2877 oondi-
1039 2832 1103 2882 Cum
1121 2833 1248 2881 misinen
1266 2832 1556 2897 tontumsuresquefe·

413 2912 493 2972 tione,
511 2914 610 2961 heredes
627 2915 813 2960 monumentum
832 2925 863 2958 ne
881 2924 963 2971 seque·
1004 2927 1095 2974 raeque
1122 2915 1207 2960 suetae
1241 2914 1321 2960 Hunc
1347 2926 1439 2960 oerore
1464 2914 1556 2961 locum.

413 2997 494 3040 retur.
528 2990 580 3049 Ita,
597 2995 672 3053 puto,
689 2993 875 3037 monumentum
887 2986 965 3049 accipi
1005 2991 1112 3054 Priapus
1132 3006 1183 3039 non
1199 2992 1269 3054 prius
1286 2991 1312 3038 in
1329 2991 1455 3054 Esquilias
1472 2993 1556 3050 venit,

412 3087 464 3120 non
481 3077 573 3135 potest,
594 3070 647 3118 sive
668 3067 792 3131 intelligas
814 3067 897 3129 ipsum
914 3069 965 3129 eip-
1004 3086 1079 3134 quam
1096 3073 1123 3119 in
1140 3072 1223 3120 hortos
1241 3079 1322 3120 essent
1338 3085 1480 3120 conversae.
1511 3072 1556 3120 Ex

412 3166 489 3212 pum,
509 3150 562 3198 sive
582 3151 730 3211 sepulcrum.
764 3145 888 3196 Coniicio:
913 3146 965 3194 Hir
1005 3163 1034 3198 eo
1051 3151 1108 3198 inde
1125 3156 1235 3215 tempore
1250 3151 1390 3213 praesentia
1406 3151 1456 3198 Dei
1473 3152 1557 3213 requi·

414 3231 520 3277 miserae
539 3231 608 3291 plebi
628 3230 706 3276 debat
726 3228 754 3274 in
775 3241 902 3274 eornrnune
927 3241 963 3272 ae·
1005 3229 1146 3277 rebaturad
1158 3230 1275 3278 arcendos
1287 3230 1353 3278 fures
1365 3236 1467 3278 stares.
1484 3231 1557 3288 Erat,

414 3309 533 3368 pulcrum
568 3307 710 3353 Pantolabo
737 3309 762 3352 et
786 3318 892 3352 scurrae
915 3305 965 3350 No·
1006 3306 1558 3370 utipsedixitinprincipioSatires,maxima
1580 3365 1582 3372 Ι

416 3391 579 3446 oratorioque
606 3384 691 3446 nepoti
736 3383 812 3430 Mille
836 3383 913 3443 pedm
939 3383 965 3426 ln
1001 3387 1364 3448 soronlebrsurumoviamqae.
1387 3386 1559 3444 Accedebant,

410 3466 509 3528 fronte,
527 3467 649 3510 trecentos
666 3463 756 3522 cippus
772 3462 800 3509 ἐπ
817 3476 915 3522 aarum,
933 3461 968 3506 Εἰ
1006 3466 1085 3515 altera
1096 3465 1314 3524 molestia,feroe.
1341 3464 1558 3528 Ferae,praeser·

415 3545 501 3590 stabat
516 3545 702 3588 nlonrtmentllm
719 3540 834 3587 haeredes
844 3553 967 3598 rte-reque·
1007 3544 1052 3590 tim
1069 3558 1154 3600 canes,
1171 3550 1244 3591 antea
1259 3543 1342 3590 locum
1357 3559 1450 3591 vexare
1464 3552 1559 3602 suetae,

416 3625 497 3666 retur·
531 3615 626 3677 (lippus
648 3615 722 3663 dabat
742 3621 780 3662 10¹⁵
796 3615 870 3677 pedes
887 3614 914 3661 1¹1
931 3629 968 3662 ⁸0·
1008 3637 1074 3670 nunc
1090 3635 1187 3685 quoque
1205 3621 1407 3669 consuetudinem
1425 3622 1559 3684 pristinam

418 3696 531 3760 pulcrum
542 3695 607 3759 plebi
618 3701 643 3742 θῑ
654 3693 795 3757 nemim&
808 3693 894 3757 (1118168
903 3694 968 3742 Pan·
1008 3700 1187 3763 sequebantur,
1204 3707 1228 3747 et
1239 3708 1313 3748 noctu
1325 3701 1350 3747 in
1362 3701 1488 3763 Esquilias
1500 3716 1559 3749 ven·

419 3776 515 3825 tolabus
532 3783 557 3823 et
572 3775 760 3830 Nmnentanus,
778 3780 802 3821 et
819 3773 904 3836 cippus
921 3781 968 3822 sta·
1009 3780 1128 3837 titubant,
1146 3785 1268 3828 tentantes
1285 3779 1322 3839 si,
1340 3779 1436 3828 effossis
1453 3780 1495 3828 hic
1510 3781 1560 3829 illic

418 3855 460 3904 hat
483 3864 611 3918 tamquam
637 3860 839 3912 mouumentum,
868 3867 900 3900 ne
929 3853 969 3901 isti
1009 3859 1157 3906 cadaverum
1175 3858 1293 3920 reliquiis„
1313 3873 1352 3906 res
1369 3858 1453 3922 aliqua
1463 3859 1512 3907 cibi
1523 3861 1560 3907 in·
1587 3907 1591 3912 ,

418 3937 504 4000 pedes,
522 3935 634 3997 sepulcro
651 3931 778 3990 destinati,
796 3946 970 3982 recommune
1009 3936 1141 3984 veniretur.
1171 3936 1238 3984 Hinc
1250 3936 1345 3999 Priapo
1355 3952 1420 3985 nova
1431 3952 1560 3994 cura,no·

419 4014 481 4062 illud
512 4013 655 4077 sepulcrum
684 4011 786 4058 heredes
817 4017 969 4075 sequeretur.
1010 4030 1057 4062 vus
1081 4014 1158 4063 labor.
1193 4017 1286 4065 suetae
1311 4016 1342 4064 de
1360 4016 1431 4080 seris
1455 4018 1561 4074 dicitur,

419 4094 565 4144 Permulam
576 4094 609 4142 H.
622 4092 660 4141 M.
672 4091 707 4139 Η.
718 4089 751 4138 N.
764 4088 790 4139 S.
800 4089 875 4138 multi
887 4104 969 4138 exem·
1009 4107 1059 4141 non
1077 4094 1137 4141 adeo
1154 4094 1184 4142 de
1202 4097 1301 4152 ovibus,
1323 4095 1426 4144 minime
1447 4097 1479 4144 ds
1489 4100 1561 4158 suri-

419 4175 465 4238 plis
486 4174 687 4230 illustraverunt,
711 4169 737 4217 in
762 4168 802 4217 his
826 4169 970 4221 Brissonius
1010 4174 1060 4219 bus.
1093 4172 1164 4220 Nihil
1181 4173 1282 4221 enimin
1295 4175 1428 4236 Esquiliis,
1445 4176 1563 4238 sepulcro

419 4270 443 4317 p.
460 4255 516 4303 680,
533 4253 576 4317 qui
593 4258 618 4299 et
628 4251 732 4299 alteram
744 4248 870 4310 exposuit:
886 4248 920 4296 H.
933 4248 969 4298 M.
988 4226 990 4272 l
1010 4249 1112 4298 miserae
1128 4251 1219 4314 plebis,
1236 4259 1301 4311 erat,
1319 4254 1386 4316 quod
1403 4253 1471 4302 fures
1489 4270 1562 4318 prae·

421 4332 447 4382 S.
465 4333 491 4382 S.
507 4333 541 4381 H.
557 4332 591 4380 N.
608 4330 634 4380 S.
651 4336 742 4392 putans
758 4341 822 4375 esse:
846 4330 905 4376 Hoc
923 4344 968 4376 mo·
988 4375 989 4394 ,
1010 4329 1133 4378 darentur.
1167 4331 1298 4388 Horatius,
1324 4334 1411 4390 credo,
1435 4349 1495 4382 coes
1520 4335 1563 4382 hic

421 4419 568 4460 surrentum
584 4413 636 4460 aloe
650 4411 801 4471 sepulcrum.
835 4407 866 4454 In
890 4406 969 4453 Hora·
988 4397 990 4418 ⁸
1009 4407 1122 4456 omittere
1138 4422 1188 4457 non
1203 4410 1291 4472 potuit.
1317 4409 1434 4474 Suspicor
1449 4414 1563 4461 volucres

421 4492 456 4539 tio
480 4501 544 4539 certe
569 4492 754 4538 monuanmtum
779 4491 804 4531 et
825 4487 967 4548 sepulcrum
987 4421 989 4544 i
1010 4492 1066 4532 ants
1076 4487 1200 4549 furesque
1216 4494 1316 4551 propter
1330 4488 1520 4539 similitudinem
1533 4492 1562 4540 li·
