3542 5634
674 475 857 539 LIBER
901 475 927 539 Ι.

281 660 464 726 Malthinus
487 659 609 724 tunicis
633 658 785 723 demissis
809 657 977 722 ambulat:
1001 657 1131 741 estqui

281 765 409 849 Inguen
432 763 475 827 ad
497 763 694 827 obscoenum
718 761 888 826 subductis
912 781 1015 845 usque
1038 759 1181 824 facetus:

281 867 438 932 Pastillos
462 867 606 932 Rufillus
630 865 713 947 olet,
737 865 924 951 Gargonius
947 865 1085 932 hircum.

278 969 337 1033 Nil
358 969 506 1035 medium
529 973 588 1034 est.
637 967 739 1051 Sunt,
764 967 821 1053 qui
844 968 954 1033 nolint
976 967 1126 1053 tetigisse
1150 966 1216 1031 nisi
1233 966 1324 1050 illas,

281 1071 427 1152 Quarum
451 1075 589 1140 subsuta
612 1073 696 1139 talos
720 1078 813 1158 tegat
834 1073 952 1139 instita
974 1079 1078 1155 yest03

279 1177 404 1242 Contra
427 1178 512 1243 alius
535 1178 664 1243 nullam
686 1177 752 1242 nisi
776 1177 878 1242 olenti
901 1177 937 1240 in
959 1177 1083 1242 fornice
1106 1180 1258 1242 stantem.

278 1278 421 1358 Quidam
445 1286 543 1347 notus
566 1281 664 1346 homo
687 1301 790 1364 quum
812 1281 916 1346 exiret
938 1279 1076 1362 fornice,
1105 1279 1237 1362 „Macm

278 1382 434 1465 „Virtute
456 1386 565 1466 esto,“
589 1383 699 1469 inquit
721 1384 885 1448 sententia
906 1383 962 1448 dia
984 1382 1134 1449 Catonis:
1164 1429 1166 1432 -

268 1549 423 1599 Maithinus.
464 1550 501 1599 Ut
524 1532 671 1613 plerumque
699 1547 729 1595 fit
752 1548 780 1595 in
821 1550 859 1597 tia
875 1551 920 1598 dia
931 1549 1044 1598 Catonis.
1070 1548 1146 1607 Sunt,
1161 1545 1206 1610 qui
1223 1544 1371 1594 sententiam

232 1626 298 1675 lictis
315 1628 457 1677 huiusmodi
473 1628 627 1684 nominibus,
638 1627 707 1676 varie
720 1628 780 1674 sori·
823 1629 929 1677 Catenis
945 1627 1137 1691 interpretentur
1148 1628 1231 1688 ipsum
1240 1623 1371 1672 Catonem,

233 1705 313 1756 bitur:
339 1696 501 1763 Matutinus,
518 1709 689 1765 Malchimus,
712 1707 781 1753 Mel·
820 1713 849 1754 ut
864 1708 947 1754 virtus
966 1707 1086 1765 Catonis,
1110 1703 1217 1759 similia,
1243 1708 1268 1749 et
1284 1702 1370 1749 adum-

235 1788 331 1845 cla'nua,
342 1786 479 1836 Maltinus.
491 1784 781 1844 Commentater:„Mal·
820 1783 920 1833 brutum
935 1791 1023 1847 putent
1044 1799 1076 1833 ex
1096 1783 1197 1833 Lucilio
1217 1781 1304 1829 Valeri
1320 1794 1372 1827 sca·

235 1864 300 1912 thini
316 1866 417 1914 nomine
439 1867 541 1929 quidam
557 1867 732 1916 Maecenatem
750 1864 782 1912 si-
821 1866 903 1912 tentia
917 1867 988 1912 dia.-
1013 1864 1049 1912 ita
1075 1862 1126 1910 iam
1151 1862 1239 1911 Dousa
1261 1858 1319 1907 fecit
1340 1857 1372 1904 ad

234 1944 351 2005 gnificari
368 1945 539 2008 suspicantur:
557 1960 573 1992 a
589 1959 617 1992 re
634 1950 718 1992 autem
728 1943 783 2006 ipsa
822 1939 944 2003 Sulpitiae
954 1940 1062 1990 Satiram
1071 1941 1112 1990 48.
1133 1941 1277 2000 Quariater
1287 1938 1373 1985 Prisci

233 2021 324 2070 fictum
347 2029 385 2070 est
400 2037 500 2072 nomen.
527 2023 659 2086 μαλθακός
675 2021 742 2070 enim
759 2027 783 2068 et
821 2021 947 2069 sententia
968 2022 1013 2068 dia
1032 2021 1142 2069 Catonis.
1178 2016 1242 2078 Quis
1263 2015 1321 2077 scit,
1340 2028 1372 2061 an

233 2102 350 2164 μαλακός
364 2102 430 2151 idem
445 2102 567 2164 estquod
584 2102 665 2149 multu
680 2106 705 2148 et
721 2101 781 2148 deli·
822 2099 937 2147 Lucilius
958 2099 994 2147 ita
1018 2099 1101 2162 ipsum
1121 2096 1255 2147 Valerium
1276 2092 1371 2156 signifi-

233 2183 330 2229 catus.“
355 2181 474 2229 Fortasse
498 2181 525 2228 iu
550 2192 595 2227 suo
616 2178 701 2227 codice
720 2178 783 2226 vidit
825 2178 934 2226 caverit?
968 2177 1036 2226 Nota
1052 2182 1090 2224 est
1104 2173 1309 2239 periphrasis,in
1322 2186 1371 2234 qua

235 2258 422 2308 Matthaciauc.
468 2259 525 2307 Hoc
558 2257 646 2306 saltem
675 2255 783 2304 derivari
822 2257 908 2305 Latini
925 2255 1032 2306 Graecos
1049 2254 1189 2302 imitantur.
1214 2252 1270 2301 Iam
1278 2251 1371 2300 Home·

236 2343 336 2398 poterat
352 2352 368 2384 a
383 2337 526 2405 μαλθακός.
543 2338 579 2386 Et
595 2333 724 2394 Μαλθακή
741 2340 779 2382 est
823 2351 878 2384 rus:
902 2335 970 2399 ἱερὸν
992 2331 1069 2397 μένος
1091 2330 1239 2380 Ἀλκινόοιο.
1271 2328 1321 2380 sed
1345 2329 1370 2377 in

236 2428 328 2463 nomen
345 2414 492 2475 Comicum,
510 2416 579 2478 apud
596 2413 701 2463 Lucian.
717 2413 783 2462 Rhe·
823 2415 937 2463 omnibus
961 2411 1104 2460 huiusmodi
1129 2409 1248 2473 exemplis
1264 2407 1369 2465 indoles.

234 2494 421 2558 tor.Pruecept,
440 2495 510 2544 12.A
518 2493 649 2558 μαλθακός
660 2507 711 2541 uon
719 2498 784 2541 recte
823 2492 945 2550 conditio,
966 2498 1056 2539 natura
1074 2490 1149 2538 totius
1166 2488 1274 2537 hominis
1290 2487 1362 2550 expri

240 2572 533 2632 formaturMaltlrinus,
550 2573 641 2621 utiam
654 2571 785 2622 Bentleius
823 2573 907 2620 mitur.
940 2572 1029 2621 Horat.
1047 2569 1122 2619 Satir.
1139 2568 1161 2617 I.
1175 2581 1214 2616 m.
1228 2568 1252 2616 3.
1283 2567 1372 2614 Virtus

236 2652 341 2702 censuit.
826 2650 960 2714 Scipiadae
989 2655 1014 2699 et
1040 2651 1112 2698 mitis
1140 2648 1268 2709 sapientia
1290 2645 1371 2692 Laeli.

269 2735 321 2780 Est
336 2734 382 2794 qui
413 2733 713 2795 Inpucaadcbscoenum
729 2732 784 2779 sub·
824 2731 1010 2780 Commentator
1025 2731 1058 2778 sd
1075 2728 1148 2780 Satir.
1166 2727 1187 2776 Ι.
1204 2741 1245 2775 111.
1263 2727 1288 2775 3.
1313 2723 1372 2782 „Li-

235 2811 321 2859 ductis
336 2825 416 2873 usque
425 2811 539 2874 facetus.
575 2809 694 2872 Suspicor
711 2807 785 2857 libra·
824 2809 903 2858 cinius
926 2816 1009 2858 autem
1031 2809 1062 2857 dc
1079 2809 1239 2868 Hermogene
1255 2805 1371 2868 loquens,

235 2889 287 2937 rios
302 2889 386 2938 locum
403 2889 550 2952 corrupisse.
572 2888 656 2936 Multo
663 2887 785 2936 certeele
825 2889 861 2937 sic
876 2888 926 2936 ait:
950 2887 1029 2938 Sardi
1053 2888 1143 2949 Tipelli
1156 2887 1279 2948 putidum
1295 2890 1374 2946 caput

237 2968 338 3030 gantim
364 2981 411 3030 pro
434 2971 472 3014 est
497 2967 542 3027 qui
565 2978 657 3012 nornen
684 2963 785 3026 aliquod
825 2969 911 3024 venit3
932 2964 976 3012 ubi
992 2967 1061 3014 venit
1077 2971 1115 3013 cst
1130 2963 1232 3028 perfecti
1248 2963 1373 3026 temporis.

236 3046 366 3108 proprium
382 3044 516 3107 legeretur,
534 3049 564 3090 ut
579 3043 700 3104 leguntur
718 3040 786 3089 Mal·
826 3043 941 3094 Iuvenal.
956 3042 1029 3092 Satir.
1041 3044 1089 3093 IV.
1102 3045 1143 3093 81.
1164 3045 1240 3092 Venit
1249 3049 1274 3092 et
1287 3043 1374 3104 Crispi

237 3128 336 3179 ticinus,
359 3123 475 3184 Rufillus
494 3127 520 3169 et
538 3122 692 3183 quonius.
724 3119 786 3167 For·
825 3123 937 3172 iucunda
957 3128 1083 3180 senectus,·
1110 3129 1135 3170 et
1152 3136 1189 3170 vs.
1209 3122 1262 3172 197.
1296 3122 1373 3169 Mon-

236 3209 303 3250 tasse
320 3200 395 3249 alicui
417 3207 504 3262 aptum
520 3214 613 3249 nomen
634 3200 661 3247 in
677 3205 786 3248 mentem
828 3203 884 3250 tani
899 3206 986 3249 uenter
1002 3202 1081 3250 adest.
1110 3201 1154 3250 Ad
1167 3200 1239 3248 istam
1253 3199 1374 3248 rationem

237 3280 328 3330 veniet.
352 3279 456 3328 Mallem
465 3293 576 3342 quoque:
595 3281 688 3342 innuen
704 3281 787 3328 adon
827 3281 952 3328 sententia
973 3281 1019 3328 dia
1037 3279 1143 3329 Catonis
1158 3277 1244 3328 referri
1266 3293 1315 3326 non
1331 3293 1373 3340 po·

236 3375 353 3410 umam
387 3360 519 3408 subductis
543 3373 626 3420 usque.
678 3360 789 3408 Facetus
827 3366 882 3407 test.
915 3359 996 3418 Nam,
1018 3365 1046 3406 ut
1066 3358 1178 3420 omittam
1194 3360 1321 3406 sententia
1336 3360 1373 3406 in·

245 3439 371 3487 Pastillos
397 3438 510 3499 Rufillus
528 3438 585 3485 olet.
617 3435 727 3484 Rufillus
744 3435 787 3483 ha·
826 3440 895 3500 quit,
921 3439 987 3500 quod
1012 3437 1074 3485 mihi
1098 3437 1235 3500 permirum
1261 3437 1374 3494 videtur,

239 3516 293 3566 beri
326 3515 426 3564 volebat
449 3515 565 3577 facetus,
591 3527 697 3575 ‘semper
724 3514 787 3563 bene
826 3517 952 3564 sententia
973 3530 1023 3565 non
1040 3521 1078 3564 est
1094 3514 1276 3564 substantivum
1293 3517 1374 3566 simile

238 3596 341 3653 claudo,
357 3607 408 3642 non
424 3592 565 3655 intelligens
575 3591 639 3641 bene
649 3591 726 3652 olere,
742 3594 787 3657 qui
827 3593 876 3642 illis
894 3596 977 3643 virtus
994 3595 1112 3651 Catonis,
1129 3600 1239 3644 senectus
1249 3594 1374 3658 Crispini,

238 3674 302 3722 nihil
317 3673 374 3722 olet.
408 3670 560 3720 Doderlinus
576 3670 643 3720 idem
659 3670 766 3720 volebat.
827 3679 905 3736 caput
925 3675 1023 3736 Tiqetti.
1056 3675 1096 3722 Ea
1119 3681 1179 3722 sunt
1203 3674 1375 3737 inseparabilia

273 3754 321 3801 Nil
337 3754 445 3802 medium
461 3757 507 3800 est.
540 3750 691 3800 Doderlinus
713 3752 787 3800 iuter·
827 3767 843 3800 a
859 3751 962 3810 Catone,
979 3751 1104 3817 Crispino,
1121 3752 1236 3816 Tigellio,
1251 3751 1304 3801 illos
1318 3767 1374 3801 con·

239 3831 364 3894 negative:
391 3834 439 3879 Nil
454 3833 564 3878 medium
580 3832 633 3878 est?
654 3831 713 3892 quia
729 3830 787 3879 ulio-
826 3831 946 3888 stituunt,
961 3832 1124 3891 comitantur,
1140 3831 1167 3880 in
1183 3832 1232 3879 illis
1249 3839 1314 3880 sunt.
1336 3833 1375 3880 At

173 3947 178 3956 .
239 3911 301 3973 quin
325 3911 371 3958 hoc
395 3911 489 3960 dictum
513 3910 544 3957 sd
568 3923 654 3957 omnes
675 3908 787 3957 homiues
825 3912 949 3959 sententia
968 3910 1075 3959 Catonis
1099 3917 1124 3958 et
1150 3911 1216 3959 Cata
1240 3925 1289 3958 non
1316 3918 1375 3958 sunt

240 3978 363 4051 pertinere
380 3989 519 4046 videretur,
540 4001 596 4034 curn
618 3988 740 4049 pertineat
756 3989 787 4035 ad
827 3989 874 4036 isto
891 3989 965 4036 modo
981 3989 1073 4037 eedem.
1103 3987 1201 4036 Multae
1218 3995 1288 4036 erant
1302 3987 1374 4037 Cato-

240 4066 337 4115 stultos.
371 4067 490 4115 Horatius
512 4065 621 4129 loquitur
638 4068 669 4114 de
684 4069 788 4125 stultis,
826 4066 866 4113 nis
883 4066 1031 4123 sententiae,
1047 4081 1108 4129 quas
1125 4067 1200 4116 variis
1217 4067 1374 4130 temporibus,

241 4147 268 4194 in
290 4145 378 4207 quibus
399 4144 435 4192 nil
456 4145 565 4192 medium
588 4159 652 4204 esse,
673 4145 724 4192 iam
745 4160 787 4193 ex·
827 4144 910 4193 varius
918 4143 1063 4206 proferebat,
1079 4145 1151 4194 sicuti
1160 4146 1293 4208 aliquando
1304 4146 1374 4203 hanc,

241 4225 323 4288 cmplo
344 4224 432 4274 Rufilli
452 4232 477 4272 ct
493 4223 613 4287 Gargonii
629 4226 788 4282 monstravit,
827 4223 858 4270 ab
879 4223 984 4272 Horatio
1008 4231 1175 4272 memoratam.
1214 4224 1297 4285 Quare
1321 4240 1375 4274 seu·

187 4297 193 4302 ’
241 4312 267 4354 et
288 4305 343 4354 aliis
365 4303 478 4366 deinceps
499 4310 627 4352 monstrat.
660 4303 744 4364 Quare
762 4305 789 4351 in
828 4304 910 4350 tentia
930 4301 1031 4351 Catonis
1047 4304 1200 4367 accipienda,
1221 4312 1249 4352 ut
1265 4305 1375 4354 Lucretii

242 4384 346 4447 vulgate
361 4384 475 4446 equidem
491 4382 572 4444 potius
589 4382 749 4445 acquiescam.
828 4382 879 4431 III.
897 4383 954 4433 372.
988 4383 1063 4431 Ittau
1083 4385 1111 4430 in
1133 4385 1172 4432 lis
1190 4385 1264 4432 rebus
1283 4399 1375 4446 nequa·

276 4462 365 4514 diocte
392 4464 494 4511 Virtute
510 4467 573 4518 esto,
591 4463 678 4523 inquit
693 4468 787 4512 senten·
828 4475 905 4523 quum
925 4475 1022 4511 sumere
1041 4463 1134 4524 pasus,
1152 4463 1292 4512 Democriti
1310 4466 1376 4526 quod

1222 4545 1241 4606 2
