3542 5634
414 536 455 596 10
804 531 1156 597 SATIRARUM

455 718 503 782 At
525 716 555 782 si
577 715 748 781 condoluit
771 721 939 780 tentatum
962 716 1083 802 frigore
1101 737 1217 800 corpus

455 820 526 884 Aut
549 818 634 884 alins
659 840 754 883 casus
777 818 863 884 lecto
886 825 920 884 te
943 819 1068 897 affixit3
1094 819 1193 884 habes
1218 818 1274 903 qui

455 921 634 1004 Adsideat,
658 921 806 986 fomenta
829 928 941 1006 paret,
965 922 1129 986 medicum
1153 926 1262 1006 roget,
1288 926 1326 986 ut
1349 927 1382 986 te

456 1024 600 1091 Suscitet
623 1047 661 1090 ac
683 1025 771 1090 natis
794 1025 912 1090 reddat
934 1025 1081 1110 carisq'ne
1104 1023 1318 1109 propinquis?

454 1127 530 1194 Non
551 1151 635 1194 uxor
658 1128 787 1194 salvum
810 1134 843 1194 te
864 1129 955 1212 vult,
980 1151 1047 1194 non
1070 1128 1178 1193 filins:
1203 1149 1316 1194 omnes

455 1231 566 1298 Vicini
589 1232 747 1314 oderunt,
763 1232 859 1314 noti,
883 1232 976 1316 pueri
1000 1237 1098 1317 atque
1119 1231 1257 1316 puellae.

456 1334 606 1416 Miraris,
631 1355 734 1419 quum
757 1340 795 1399 tn
818 1339 954 1419 argento
977 1339 1055 1420 post
1077 1333 1188 1398 omnia
1210 1353 1313 1418 ponas
1325 1379 1334 1414 ,

457 1436 492 1502 Si
514 1459 612 1502 nemo
634 1441 795 1521 praestet,
819 1459 917 1522 quem
940 1459 1006 1503 non
1027 1436 1197 1519 merearis,
1214 1438 1381 1500 amorem?

455 1539 503 1603 Aa
527 1539 557 1604 si
582 1544 759 1623 cognatos,
784 1540 877 1604 nullo
900 1547 1018 1604 natura
1041 1540 1150 1604 labore

460 1641 548 1720 Quos
572 1641 636 1705 tibi
659 1641 735 1725 det,
759 1642 899 1708 retinere
922 1642 1004 1708 velis
1034 1663 1223 1726 servareque
1246 1640 1383 1721 amicos,

457 1742 579 1808 infelix
603 1765 735 1828 operam
756 1745 892 1828 perdas,
917 1750 956 1809 ut
979 1744 1007 1810 si
1032 1744 1104 1829 quis
1129 1743 1268 1808 asellum

457 1847 497 1910 In
520 1867 636 1931 campo
659 1846 775 1911 doceat
797 1852 968 1931 parentem
992 1867 1118 1911 currere
1140 1844 1251 1910 frenis.

458 1948 608 2034 Denique
631 1949 676 2014 sit
698 1949 775 2015 finis
799 1950 996 2036 quaerendi=
1022 1971 1149 2036 quoque
1172 1948 1291 2012 habeas
1315 1946 1408 2031 plus,

456 2051 649 2137 Pauperiem
673 2057 802 2118 metuas
825 2053 955 2135 minus,
980 2057 1014 2119 et
1036 2052 1131 2116 finire
1154 2051 1298 2116 laborem

444 2238 488 2283 Aa
504 2236 527 2283 ri
542 2241 671 2297 captatae,
687 2239 757 2286 nullo
772 2244 868 2285 natura
878 2240 963 2286 labore
1003 2240 1073 2286 realta
1095 2239 1203 2286 retinere
1220 2237 1313 2294 labore,
1331 2241 1361 2282 at
1378 2236 1425 2283 tior·
1441 2237 1486 2282 dat
1504 2251 1551 2283 παν

344 2324 346 2328 ”
414 2314 484 2372 Quos
501 2314 549 2360 tibi
565 2314 623 2370 dat,
636 2316 744 2362 retinere
755 2317 824 2362 velta
843 2315 874 2362 In
883 2314 961 2364 MSS.
1004 2314 1382 2375 tara,vetr's,seraariaamieos,
1392 2313 1507 2362 Miraris
1517 2331 1552 2376 sq,

411 2397 436 2438 et
451 2390 556 2438 vetustis
571 2391 630 2438 edit.
640 2394 701 2453 atsi,
712 2394 794 2454 atqui,
806 2395 866 2441 acsi.
878 2392 961 2443 Conii-
1041 2394 1144 2456 Quoque
1168 2395 1258 2442 habeas
1283 2394 1355 2453 plus,
1397 2393 1554 2454 Pauperierrr

411 2469 482 2516 ciunt
497 2473 544 2517 aut
560 2471 591 2526 sr',
616 2485 665 2518 aaa
685 2473 715 2518 ei.
749 2470 853 2520 Malim:
880 2475 963 2520 Etsi
1003 2479 1100 2522 metuas
1121 2475 1211 2522 minas.
1245 2471 1397 2520 Doderiinus
1413 2471 1501 2519 iaudat
1517 2472 1553 2519 in-

412 2552 527 2609 copnatos
542 2549 613 2594 aazia
629 2551 738 2597 retinere
755 2551 845 2610 tabere,
868 2552 906 2598 Ut
918 2552 964 2599 titt
1003 2552 1201 2614 terpretationem
1222 2551 1276 2600 Ich.
1298 2551 1349 2599 Ad.
1373 2550 1509 2608 Schaeferi,
1528 2552 1555 2599 in

413 2628 460 2674 dat
476 2632 582 2686 natura,
598 2628 674 2683 veiis,
693 2641 840 2689 servareque
855 2630 962 2685 arados,
1003 2629 1192 2692 Programmate
1213 2645 1235 2678 a.
1255 2629 1325 2678 1820.
1348 2627 1556 2690 accipientisque

413 2704 514 2766 Infelix
538 2718 638 2765 operam
663 2706 765 2766 perdar,
791 2711 833 2763 ut,
858 2709 882 2754 si
906 2709 964 2768 qais
1002 2716 1130 2772 tamquam
1147 2715 1177 2757 rrt
1194 2724 1234 2757 aa:
1256 2714 1284 2755 ut
1300 2707 1390 2755 sentias
1407 2713 1432 2754 te
1448 2719 1501 2754 esse
1518 2708 1554 2754 di·

413 2783 519 2830 aeeltam
560 2784 597 2829 Ia
623 2798 710 2846 eampo
727 2786 814 2833 doceat
833 2792 963 2847 parentent
1003 2787 1105 2844 tiorem,
1122 2794 1150 2835 nt
1166 2787 1210 2835 tibi
1227 2786 1301 2834 ditior
1318 2799 1372 2832 esse
1388 2785 1508 2843 videaris,
1526 2792 1556 2833 tu

412 2875 515 2910 currem
528 2861 640 2924 fraenis.
673 2864 792 2922 Miraris,
808 2879 865 2912 cart
882 2871 912 2912 ta
923 2880 963 2912 ar·
1003 2866 1177 2914 minnsmetue
1188 2865 1324 2913 absentiam
1336 2864 1555 2912 divitiarumzsen·

412 2945 558 3002 partepart
573 2943 753 3003 amrrr'aporras,
768 2943 961 3004 Sirremoprae·
1004 2945 1092 3003 tentia,
1109 2951 1181 3006 puto,
1199 2944 1266 2992 haud
1283 2942 1411 3000 dissimili,
1433 2957 1482 3005 que
1499 2942 1555 3005 quis

412 3025 551 3082 atet,quem
565 3033 615 3067 aon
625 3020 752 3075 merearis,
763 3023 889 3068 amarem?
905 3021 963 3068 Non
1004 3025 1143 3072 terreamur
1154 3023 1305 3086 appellatur,
1318 3022 1360 3085 qui
1372 3021 1408 3068 nil
1420 3021 1501 3084 cupit,
1513 3023 1555 3069 de·

412 3112 489 3156 uxor,
510 3113 561 3146 non
576 3097 644 3146 filins
660 3106 684 3147 te
709 3097 766 3146 vult
789 3099 900 3147 salvum:
927 3101 963 3148 vi·
1004 3103 1087 3150 miras
1103 3104 1141 3150 ret
1157 3107 1306 3157 conterritae,
1327 3101 1357 3148 de
1379 3113 1428 3163 quo
1450 3099 1555 3148 dixisti

412 3176 474 3235 cini,
491 3191 576 3224 omnes
592 3178 693 3224 omnino
717 3183 742 3224 te
763 3179 875 3227 odarum.
909 3179 962 3226 Nec
1004 3179 1090 3227 Horat.
1108 3179 1191 3230 Oann.
1210 3179 1259 3227 III.
1277 3193 1335 3227 xvr.

414 3256 597 3317 sagnatonis,
613 3263 642 3304 nt
657 3262 748 3303 nature
763 3271 804 3304 eos
820 3256 866 3303 tibi
882 3256 962 3314 dedit,
1036 3259 1076 3305 Et
1084 3258 1165 3319 finire
1188 3261 1294 3307 laborem
1328 3259 1458 3319 Incipias,
1477 3262 1555 3317 parto

411 3333 466 3381 sine
480 3333 565 3382 labore
581 3334 671 3396 poteris
687 3336 799 3383 retinere.
825 3334 885 3383 Noli
902 3348 962 3397 ergo
1004 3337 1069 3397 qaod
1100 3338 1197 3384 aretas.
1248 3335 1276 3386 Si
1306 3336 1425 3384 Horatius
1456 3333 1555 3395 scripsit

412 3413 510 3471 mirari,
535 3413 557 3460 si
578 3427 659 3477 neque
679 3427 757 3471 uxor,
779 3425 859 3476 neque
880 3412 961 3471 filius,
997 3414 1077 3475 finire
1102 3416 1224 3473 laborem,
1240 3414 1267 3461 in
1297 3427 1370 3462 versu
1392 3413 1555 3476 praecedente

412 3506 492 3556 neque
509 3493 597 3550 vicini,
618 3508 700 3556 nsque
716 3494 829 3556 cognati,
851 3493 873 3541 si
890 3507 963 3541 nemo
1002 3505 1052 3540 non
1069 3493 1207 3555 scripsisset
1223 3495 1259 3541 sit
1267 3493 1332 3556 finit
1348 3494 1499 3556 quaerendi,
1511 3489 1556 3538 sed

413 3578 437 3618 te
453 3577 520 3619 amet
535 3573 579 3634 qni
595 3573 659 3620 nihil
671 3572 802 3629 amareris,
813 3579 911 3634 praeter
921 3585 962 3634 pe-
1006 3573 1120 3633 Denique
1144 3573 1180 3620 stt
1204 3573 1291 3620 modas
1323 3571 1483 3634 aequaeadi,
1513 3570 1555 3617 vel

412 3650 519 3697 cunmm.
552 3650 705 3698 Doderlinns
721 3649 917 3711 legionariae
925 3665 962 3696 ce·
1005 3647 1118 3712 Denique
1139 3649 1277 3712 quaaende'
1303 3652 1338 3698 att
1366 3651 1503 3706 territans,
1527 3657 1555 3696 ut

412 3730 445 3775 tie
460 3743 607 3790 servareque
623 3729 715 3776 caricae
732 3727 845 3789 Infelix,
862 3741 963 3787 operam
1003 3727 1029 3774 in
1042 3735 1100 3776 noto
1115 3728 1226 3778 Solonis:
1237 3727 1354 3777 πλούτου
1363 3727 1383 3777 δ’
1394 3728 1467 3778 οὐδὲν
1476 3730 1555 3796 τέρμα

410 3808 510 3868 perdar.
545 3805 573 3855 Si
589 3811 719 3868 cognatos,
735 3818 797 3867 quos
813 3804 857 3852 tibi
873 3811 963 3852 natura
1004 3805 1167 3870 πεφασμένον
1193 3806 1377 3870 ἀνθρώποισιν.
1422 3808 1456 3856 Et
1482 3811 1555 3872 qnid,

412 3885 466 3932 sine
482 3884 566 3933 labore
580 3891 625 3932 tuo
641 3884 721 3941 dedit,
743 3890 816 3931 antea
838 3898 853 3932 s
874 3890 899 3932 te
921 3897 962 3932 ne·
1003 3899 1105 3948 quaeso,
1128 3885 1246 3933 differunt
1266 3886 1300 3932 stt
1313 3885 1379 3946 fisa
1399 3891 1423 3932 et
1445 3888 1556 3950 incipias

413 3965 520 4028 giectas,
542 3977 609 4011 nunc
632 3962 710 4010 factm
733 3962 834 4020 infelix,
857 3962 963 4012 retinere
997 3965 1093 4027 finire?
1127 3964 1193 4011 'inm
1210 3964 1320 4024 incipias
1330 3963 1411 4024 finire
1422 3964 1506 4014 minus
1517 3975 1556 4015 est

412 4044 482 4103 velis,
493 4057 594 4106 operam
603 4044 698 4107 perdas.
717 4043 856 4105 Ingeniosa
873 4041 963 4105 Imago
1004 4057 1078 4106 quam
1095 4045 1128 4091 sit
1144 4042 1217 4104 finis.
1251 4041 1350 4098 Maius,
1375 4048 1448 4104 puto,
1475 4045 1502 4092 in
1528 4059 1555 4094 re

411 4131 493 4173 minen
516 4125 597 4180 asiai,
622 4136 794 4186 quemcunque
816 4121 962 4170 sententiam
1004 4122 1062 4180 tali,
1080 4119 1277 4184 postponendum
1292 4119 1389 4167 minori.
1424 4121 1478 4169 Nec
1494 4125 1555 4172 setis

412 4203 525 4267 accipias,
542 4216 639 4265 semper
655 4202 722 4249 dictu
736 4200 838 4249 difficile
850 4207 963 4264 estque·
1003 4207 1053 4258 est,
1069 4201 1200 4248 admonere
1216 4213 1333 4257 avarum,
1356 4204 1383 4246 nt
1400 4198 1509 4249 laborem
1526 4202 1555 4250 ii-

412 4283 485 4331 modo
511 4289 576 4330 recte
598 4287 740 4343 comparata
762 4282 882 4329 rideatur.
916 4279 964 4327 Lo·
1004 4279 1069 4336 niet,
1087 4278 1254 4328 admonendus
1271 4283 1359 4333 est,ut
1369 4277 1487 4339 quaesitis
1500 4287 1555 4328 uta-

412 4372 468 4407 cam
494 4360 613 4422 aptiorem
639 4359 742 4408 haberet
765 4360 791 4406 in
816 4359 865 4407 fine
891 4357 964 4406 huius
1005 4362 1052 4403 tur.
1087 4354 1210 4404 Coniioio:
1228 4356 1267 4402 Et
1282 4354 1360 4417 frat,
1377 4370 1467 4414 arare,
1484 4360 1553 4408 tabo·

412 4439 515 4496 satirae,
546 4445 570 4486 et
599 4439 639 4487 hic
667 4450 740 4487 nemo
764 4453 819 4486 eam
843 4436 964 4485 desidera·
1005 4451 1057 4483 rem
1074 4436 1201 4497 Incipias,
1217 4438 1293 4495 parto
1309 4434 1481 4494 qaodaaebaa.
1511 4437 1553 4485 Ex

412 4524 463 4576 ret,
489 4518 510 4565 si
536 4517 673 4579 legeretur:
702 4519 766 4573 Nee,
799 4518 822 4564 si
851 4519 965 4576 captator
1006 4512 1155 4576 compendiis
1172 4512 1307 4574 scripturae
1318 4511 1387 4560 milla
1399 4525 1493 4562 errores
1505 4517 1554 4563 orti
1582 4574 1584 4577 .
