3542 5634
388 517 451 580 180
819 515 846 577 l.
894 531 1021 578 saman
1044 533 1096 576 111.

385 703 519 750 sedetiam
537 703 633 750 Romae
649 701 770 764 infamem
786 715 858 750 saum
875 702 1059 750 cunctationem
1076 715 1139 757 esse,
1161 700 1304 748 obstinatus
1321 704 1417 754 tamen,
1438 700 1522 747 ααάαια

385 781 546 828 amatorum
564 787 647 830 tenore
667 783 772 829 aestatis
794 783 918 844 reliquum
940 782 1064 830 amarit.
1098 777 1241 828 Gronovius
1264 784 1330 826 recte
1350 777 1477 834 observat,
1500 777 1522 824 si

382 860 484 920 pariter
500 873 589 907 sanum
606 859 650 915 sit,
672 873 722 908 non
743 859 805 908 bene
821 859 878 907 addi
896 861 965 907 haud
980 860 1065 907 atinus
1080 873 1164 920 ααααι,
1196 858 1313 906 Fortasse
1332 856 1421 904 Livius
1442 856 1521 904 dedim

386 938 495 997 Fabius,
511 954 561 1002 par
576 939 633 986 sibi.
667 936 785 987 Aliorum
812 939 967 987 coniecturae
986 944 1057 986 sunt:
1077 953 1125 1000 per
1141 939 1200 994 iter,
1216 938 1320 993 corita,
1339 937 1402 998 pari
1423 941 1521 992 tenore,

384 1015 429 1065 alii
443 1019 544 1080 pariter
559 1017 667 1067 eiiciant.

433 1096 463 1144 P.
480 1097 521 1146 30.
558 1098 683 1146 Gmerur
698 1095 788 1145 habere
805 1098 876 1146 delet.
910 1097 946 1145 Et
961 1097 997 1145 sic
1012 1096 1127 1158 Panlyus
1143 1110 1176 1143 ex
1192 1094 1251 1144 MS.
1270 1093 1355 1143 edidit.

434 1174 465 1223 P.
481 1176 521 1224 32.
555 1177 727 1240 Infacuadior
742 1181 779 1224 est
796 1174 904 1238 paullo?
928 1178 1012 1223 minua
1032 1180 1110 1237 aptus
1130 1175 1213 1223 acuta
1247 1175 1361 1221 Noritae
1378 1176 1467 1222 horum
1480 1175 1521 1223 ho

385 1255 490 1303 minum.
524 1253 674 1318 Calpurnius
691 1255 778 1316 Eclog.
795 1254 844 1304 IV.
867 1255 906 1303 12.
927 1256 1060 1317 Quidquid
1075 1255 1104 1303 id
1124 1260 1174 1309 est,
1193 1255 1308 1301 silcestre
1328 1255 1387 1302 iicet
1401 1254 1522 1300 videatur

385 1334 475 1382 acutia
509 1333 560 1384 Upi
577 1333 659 1382 Titius
676 1348 776 1382 versum
798 1339 912 1382 nostrum
928 1333 1014 1381 laudat
1028 1340 1155 1396 tamqnam
1173 1332 1288 1380 Ausonii.
1320 1331 1421 1380 Pastori
1436 1337 1521 1378 antem

385 1409 555 1477 Calpurniano
576 1413 639 1463 alter
654 1420 738 1477 pastor
765 1415 896 1475 respondet
912 1427 948 1461 vs.
968 1414 1022 1464 147.
1040 1415 1151 1461 Rustica
1166 1413 1295 1460 credebam
1313 1414 1449 1460 nemorales
1464 1426 1521 1460 aar·

384 1493 456 1539 minu
470 1492 538 1542 vodis
557 1492 708 1542 Concessisse
723 1491 804 1552 Deos,
820 1499 846 1540 at
862 1494 940 1542 odem
955 1494 1062 1540 auritas
1078 1497 1149 1552 apta.
1175 1489 1261 1549 Dixit,
1277 1491 1363 1539 credo:
1380 1493 1459 1539 obesis
1474 1506 1522 1540 na·

384 1571 466 1628 ribus,
483 1585 547 1634 quae
563 1579 622 1620 sunt
637 1572 720 1621 acutis
730 1571 863 1633 oppositae.
904 1622 908 1627 ,

433 1648 463 1697 P.
480 1650 520 1699 33.
554 1653 628 1700 Haec
652 1665 692 1699 res
718 1657 743 1698 et
765 1652 864 1712 inrepit,
887 1652 985 1700 iunctos
1006 1655 1031 1698 et
1052 1655 1138 1698 cavat
1162 1651 1260 1698 omum.
1294 1649 1361 1710 Quid
1377 1649 1411 1696 sit
1427 1652 1522 1699 amicos

383 1727 497 1789 irrupere,
515 1745 565 1778 non
582 1736 639 1792 eget
655 1728 823 1792 explicatione.
848 1728 946 1793 Aliqua
970 1729 1074 1778 fortasse
1094 1735 1161 1792 eget,
1184 1730 1282 1791 quando
1304 1731 1396 1778 annuos
1418 1731 1522 1792 inopere

382 1805 586 1867 significationem
604 1810 638 1857 ad
653 1810 747 1857 amicos
767 1810 881 1858 veniendi
898 1809 985 1867 habet,
1010 1809 1083 1856 sicuti
1108 1808 1159 1857 fere
1175 1809 1201 1856 in
1214 1808 1338 1871 'linguam
1362 1809 1520 1858 Francorum

382 1887 486 1934 transiit.
520 1888 685 1937 Reddendum
710 1886 813 1936 fortasse
833 1888 926 1950 Nepoti
946 1889 973 1935 in
989 1888 1073 1937 Attico
1088 1885 1164 1937 VH'
1190 1889 1263 1946 Quae
1278 1890 1367 1936 amicis
1386 1891 1440 1937 suis
1456 1905 1520 1951 opus

374 1962 487 2024 sumant
503 1970 538 2015 ad
555 1970 703 2030 Pompeium
719 1968 953 2030 pronunciantur,
980 1970 1096 2016 omnibus
1119 1983 1151 2016 ec
1171 1983 1268 2016 resno
1284 1968 1419 2030 familiari
1439 1971 1518 2018 dedu.

380 2043 472 2104 Ipsam
491 2047 639 2108 Pompeium
655 2047 818 2097 coniunctum
839 2061 887 2095 non
906 2047 1019 2108 effendit.
1055 2047 1164 2094 Nullum
1178 2047 1244 2094 enim
1264 2048 1296 2094 ab
1311 2061 1339 2094 eo
1356 2048 1463 2096 habebat
1478 2063 1519 2097 or-

379 2129 537 2183 namentum,
559 2131 589 2174 ut
605 2127 712 2184 canai,
732 2126 843 2188 quiper
864 2141 921 2174 eum
937 2132 985 2174 aut
1001 2128 1104 2175 honores
1125 2131 1173 2173 aut
1189 2126 1294 2174 dicitius
1309 2133 1442 2187 cepermt:
1459 2143 1519 2190 quo

380 2215 437 2250 rum
449 2207 549 2264 partim
566 2206 712 2254 invitissimi
728 2209 817 2252 castra
832 2206 999 2262 manicanti,
1014 2206 1113 2267 partim
1129 2219 1226 2252 masma
1242 2219 1299 2252 cnm
1314 2206 1368 2252 aas
1384 2205 1520 2268 effossione

379 2280 447 2327 domi
467 2289 649 2332 remanserunt.
682 2282 810 2345 Descripsi
831 2289 912 2331 totum
933 2281 1029 2339 locum,
1050 2288 1080 2329 nt
1096 2281 1175 2330 cuivis
1196 2282 1360 2330 consideranti
1376 2285 1519 2333 verosimile

378 2357 511 2418 videretur,
545 2361 668 2424 Nepotem
694 2361 829 2424 scripsisse:
859 2364 920 2424 Ipse
945 2361 1095 2423 Pompeium
1116 2376 1166 2410 non
1191 2364 1308 2410 iunctum
1332 2378 1383 2411 uon
1402 2364 1518 2425 (asendit.

377 2434 462 2485 Amici
479 2439 511 2486 ad
527 2438 676 2502 Pompeium
697 2438 799 2502 profecti
819 2445 891 2498 sunt,
916 2439 959 2502 qni
983 2439 1092 2487 multum
1112 2439 1136 2487 ei
1152 2439 1288 2500 debebant3
1305 2440 1407 2490 Atticas
1424 2443 1516 2490 amicos

377 2515 464 2579 opibus
480 2519 531 2567 suis
549 2519 696 2568 sublevavit.
729 2519 786 2583 Ipse
803 2535 829 2569 se
845 2534 904 2568 cum
920 2520 1039 2582 Pompeio
1054 2534 1105 2568 non
1121 2520 1211 2577 iunxit,
1228 2533 1279 2567 non
1294 2519 1417 2583 profectus
1433 2528 1471 2570 est
1482 2524 1516 2570 ad

376 2593 537 2658 Pompeium,
554 2603 628 2662 atque
645 2599 706 2646 adeo
726 2599 753 2646 in
775 2599 821 2646 hac
841 2613 929 2647 cauma
945 2613 972 2647 se
989 2598 1097 2646 medinm
1114 2613 1167 2646 esse
1183 2599 1302 2660 ostendit,
1322 2614 1403 2663 neque
1419 2601 1514 2650 amicus

377 2673 490 2737 Pompeii
507 2690 587 2740 neque
603 2676 726 2726 Caesaris.

426 2752 458 2800 P.
474 2755 514 2802 35.
551 2756 580 2803 Si
590 2757 646 2818 quis
656 2771 713 2804 cum
723 2769 828 2804 aarum.
839 2754 941 2805 Conieci
951 2758 1024 2805 enim.
1041 2757 1113 2805 Idem
1124 2756 1276 2806 conieceram
1285 2758 1311 2806 in
1322 2757 1395 2806 Livio
1404 2759 1479 2808 XXI.
1488 2762 1514 2808 2.

380 2831 514 2880 Caeterum
530 2835 609 2883 nilida
625 2836 648 2882 ei
661 2849 717 2896 pau
733 2836 815 2882 tutior
824 2835 891 2898 fuit.
925 2837 1064 2885 Barbarus
1080 2852 1136 2885 eune
1157 2839 1274 2899 quidam,
1296 2839 1324 2886 ob
1345 2838 1411 2885 iram
1434 2840 1514 2887 inter-

369 2912 437 2972 fecti
453 2912 484 2958 ab
500 2927 527 2961 eo
543 2913 650 2972 domim,
666 2915 834 2962 obtruncavit.
869 2913 1011 2963 Gronovius
1028 2917 1052 2964 ei
1067 2915 1168 2974 delevit,
1183 2914 1304 2974 offensus,
1321 2918 1401 2976 credo,
1418 2917 1513 2965 iteratis

376 2992 400 3038 ci
416 3005 472 3040 αααα
489 3006 522 3040 eo.
556 2991 644 3055 Neque
661 2991 854 3042 hocferendum.
889 2995 1027 3057 Legamus:
1047 2995 1383 3055 Barbarusenimquidam,
1399 2999 1429 3045 od
1445 2999 1513 3046 iram

376 3069 506 3134 interfecti
522 3073 554 3119 ab
570 3086 598 3121 eo
613 3073 727 3128 donnini„
737 3074 909 3122 obtruncavit.

425 3152 455 3201 P.
472 3152 513 3202 35.
550 3155 653 3211 Quanto
670 3155 714 3204 loc
722 3154 854 3217 furiosius
871 3161 948 3218 atquc
980 3156 1072 3204 Maius
1085 3161 1217 3219 pacatum
1234 3161 1280 3204 est.
1297 3153 1384 3205 Cicero
1401 3153 1475 3205 Offic.
1487 3155 1510 3204 Ι.

376 3245 444 3281 xxv.
460 3236 545 3281 monet
561 3233 712 3291 cavendnm,
729 3249 760 3281 ne
776 3235 857 3282 maior
874 3249 954 3296 pcata
970 3250 1046 3296 quain
1062 3236 1138 3296 culpa
1153 3236 1196 3282 cit.

424 3312 455 3360 P.
471 3313 512 3364 37.
528 3365 531 3372 p
549 3311 616 3371 Quis
631 3313 708 3374 paria
725 3327 776 3360 esse
786 3311 845 3374 sera
859 3314 961 3375 placuit
975 3319 1093 3374 peccata,
1111 3314 1227 3362 inbuant
1256 3315 1342 3372 Quum
1358 3320 1460 3363 emtum
1477 3317 1514 3362 orl

374 3408 460 3442 aarum
477 3397 522 3441 est.
556 3391 613 3452 Quo
629 3390 764 3440 reseramus
781 3390 936 3452 illudsere?
952 3391 996 3440 Ad
1012 3406 1072 3440 esse.
1117 3391 1274 3455 significaret
1290 3395 1374 3455 culpo,
1399 3393 1512 3456 plerum

375 3487 423 3535 que
438 3487 495 3522 esse.
529 3469 579 3521 Sed
597 3470 684 3521 Stoicis
701 3470 794 3533 placet,
810 3486 982 3535 temperasse.
1018 3473 1082 3521 Fere
1102 3475 1177 3534 paria
1199 3472 1350 3534 significaret
1363 3487 1443 3534 prope
1458 3489 1508 3535 pa·

375 3555 424 3601 ria
458 3551 508 3602 Sed
530 3549 619 3600 Stoicis
639 3551 733 3612 placet,
757 3564 810 3599 esse
826 3553 902 3613 piane
916 3551 1008 3611 paria,
1029 3551 1134 3612 quodvis
1151 3557 1278 3613 peccatum
1294 3564 1348 3598 esse
1359 3555 1510 3602 tantundem

337 3673 340 3680 .
375 3633 483 3689 etiam,
500 3637 529 3678 nt
549 3628 669 3678 Horatius
691 3628 726 3676 ait
747 3644 783 3678 vs.
796 3630 851 3678 115.
877 3632 932 3678 Nec
951 3630 1033 3678 vincet
1049 3631 1118 3678 ratio
1135 3631 1191 3688 hoc,
1216 3632 1365 3678 tantundem
1380 3634 1410 3677 ut
1425 3638 1510 3692 peccet

375 3711 488 3771 idemque
523 3710 576 3767 Qui
601 3715 697 3756 tonans
723 3711 807 3757 caules
831 3710 910 3758 alieni
928 3708 1041 3772 sreperit
1058 3711 1138 3766 horti,
1166 3711 1206 3757 Et
1220 3712 1266 3772 qui
1281 3716 1418 3759 nocturum
1432 3725 1509 3761 sacra

375 3789 473 3836 Divum
490 3788 583 3849 tepuit.
601 3786 739 3849 Iungamus
749 3787 810 3848 scre
823 3786 945 3848 placuit?
962 3786 1121 3850 Significaret
1136 3802 1236 3851 qnoque
1252 3791 1336 3851 culpa
1352 3791 1507 3852 plerumque.

374 3867 445 3929 Ergo
461 3880 512 3913 non
528 3866 641 3914 omnibus
659 3866 760 3916 omnino
777 3866 873 3917 Stoicis.
907 3868 946 3917 At
962 3867 1002 3915 cui
1018 3882 1068 3916 non
1084 3866 1178 3930 placet,
1195 3868 1216 3916 is
1232 3882 1283 3916 non
1299 3874 1337 3917 cst
1353 3867 1458 3928 Stoicus,
1475 3872 1507 3918 de

373 3961 424 4009 quo
439 3945 480 3993 hic
496 3945 585 4008 agitur.
620 3944 748 4008 Optimum
766 3952 819 3994 erat
840 3946 990 4010 coniungere
1004 3947 1061 4007 fere
1076 3947 1202 3995 laborant.
1236 3946 1272 3995 Ut
1287 3953 1439 4011 praeteream
1457 3949 1507 3998 tale

373 4033 424 4076 tam
451 4025 541 4072 durum
566 4024 728 4087 Hyperbaton
753 4025 780 4074 in
801 4027 994 4081 constructione,
1016 4025 1063 4073 hoc
1086 4039 1183 4088 quoque
1199 4025 1335 4074 sententiae
1352 4027 1506 4076 adversatur.

372 4105 430 4154 Non
447 4104 513 4152 enim
529 4093 581 4151 fere
596 4103 723 4163 laborant,
738 4105 782 4153 sed
798 4120 901 4167 semper,
919 4111 944 4152 et
960 4103 1074 4152 laborare
1090 4104 1192 4162 debent,
1209 4105 1268 4168 quia
1283 4119 1371 4154 sensus
1387 4115 1506 4156 mereret

370 4185 428 4244 ipsa
445 4183 546 4230 utilitas
562 4188 716 4244 repupnant,
742 4189 767 4232 et
787 4183 907 4232 Horatius
935 4184 1104 4232 demonstrare
1128 4182 1191 4241 vult,
1215 4181 1309 4232 Stoicos
1325 4198 1452 4246 nunquam
1469 4186 1504 4232 di-

369 4262 448 4310 cendo
463 4274 535 4324 posse
551 4259 659 4318 efficere,
681 4263 746 4324 quod
767 4268 916 4325 proponunt.
949 4260 1068 4310 Horatius
1090 4260 1196 4309 scribere
1216 4261 1308 4324 potuit:
1341 4263 1407 4321 Quis
1425 4266 1505 4324 paria

368 4355 421 4390 asse
436 4342 484 4388 sibi
498 4341 598 4402 placuit
612 4346 729 4402 peccata,
748 4341 803 4401 vel,
820 4341 886 4404 quod
908 4339 997 4388 melius
1014 4339 1130 4389 arbitrer:
1151 4341 1217 4400 Quis
1231 4343 1310 4402 paria
1325 4343 1393 4389 inter
1412 4355 1439 4390 se
1454 4357 1506 4390 essa

366 4423 450 4482 placet
466 4425 577 4482 paccata.
