3542 5634
413 529 439 568 11
961 548 1001 560 ..-

454 691 616 765 Horatius,
637 701 673 751 ut
692 693 749 750 hoc
770 695 909 769 exemplo
931 702 1016 764 utar,
1039 713 1108 752 nam
1130 713 1237 752 caussa
1257 695 1403 752 Aeneidis
1419 694 1542 751 multum

413 798 535 856 divorsa
555 808 613 871 est,
636 798 736 875 operis
759 799 871 874 quippe
901 801 939 856 ab
966 800 1031 875 ipso
1059 809 1181 858 auctore
1209 801 1371 877 improbati
1401 810 1432 857 et
1454 816 1543 875 supra

415 905 476 961 alia
495 905 596 962 omnia
614 890 802 980 interpolati,
824 905 972 962 Horatius
986 905 1079 980 igitur
1095 907 1224 964 obscura
1239 906 1313 977 ista,
1336 907 1454 980 inepta,
1477 905 1545 962 ridi·

417 1009 499 1079 cula,
521 1009 667 1079 absurda,
693 1008 803 1082 quibus
829 1009 925 1067 falsae
948 1029 1053 1068 manus
1075 1031 1148 1068 vera
1170 1017 1310 1086 poemata
1331 1019 1544 1086 corruperunt,

416 1114 546 1171 scribere
582 1131 642 1169 nou
677 1113 786 1212 potuit.
834 1112 896 1187 Qui
923 1115 999 1172 adeo
1029 1116 1078 1172 vel
1109 1125 1224 1174 mutata
1254 1134 1309 1191 per
1344 1116 1544 1172 coniecturam

369 1296 372 1301 ⁴
417 1219 556 1289 lectione,
568 1218 618 1274 vel
629 1219 741 1276 notatis
753 1219 873 1294 spuriis,
893 1220 942 1276 vel
957 1239 1035 1277 nova
1046 1220 1294 1296 interpretatione
1306 1222 1402 1278 lucem
1413 1221 1545 1278 tenebris

417 1325 572 1382 effundere
595 1333 737 1393 conatur,
757 1324 806 1380 hic
828 1345 889 1382 non
911 1327 1044 1400 iniquius
1063 1325 1162 1384 facere
1186 1327 1353 1384 censendus
1373 1337 1433 1397 est,
1456 1344 1544 1400 quam

417 1431 469 1504 qui
492 1430 591 1486 omnia
613 1447 801 1502 concoquere
824 1438 856 1486 et
869 1431 978 1488 millies
999 1432 1038 1489 ab
1054 1431 1121 1488 aliis
1140 1431 1221 1487 dicta
1237 1440 1267 1486 et
1282 1431 1393 1488 iterata
1410 1439 1544 1506 repetere

417 1537 490 1594 satis
511 1537 613 1607 habet,
629 1536 694 1611 ipse
711 1536 747 1592 de
770 1553 839 1604 suo,
862 1552 923 1607 quo
944 1553 993 1591 res
1010 1533 1137 1592 fortasse
1152 1535 1345 1606 restituatur,
1357 1535 1431 1592 nihil
1449 1535 1544 1592 affert.

441 1641 539 1715 Ego,
561 1641 614 1698 ubi
633 1641 718 1698 nulla
740 1642 820 1697 bona
845 1657 915 1714 spes
939 1640 1144 1714 expediendae
1160 1640 1343 1698 difficultatis
1365 1640 1544 1715 effulgebat,

417 1748 449 1803 in
475 1747 531 1802 hoc
553 1764 672 1819 quoque
697 1745 775 1802 libro
803 1743 926 1819 pronior
947 1743 991 1802 fui
1020 1745 1059 1800 ad
1085 1745 1271 1815 audendum,
1294 1762 1384 1818 quam
1404 1746 1546 1820 tergiver-

418 1852 552 1922 sandum,
575 1868 630 1908 nec
652 1851 815 1923 quidquam
827 1849 966 1906 simulavi
982 1858 1036 1906 aut
1054 1849 1248 1907 dissimulavi.
1272 1851 1308 1906 In
1325 1851 1414 1907 rebus
1431 1852 1546 1926 asperis

419 1957 545 2015 consilia
559 1956 659 2025 fortia,
679 1955 808 2014 audacia
824 1955 924 2026 etiam,
941 1955 1092 2012 interdum
1108 1965 1179 2013 sunt
1195 1956 1349 2015 salutaria.
1376 1957 1440 2013 Alii
1456 1975 1545 2032 saepe

420 2081 455 2120 eo
472 2064 511 2120 ad
533 2062 726 2137 cogitandum
747 2061 870 2117 excitati
893 2060 991 2118 lenius
1013 2060 1127 2134 aliquid
1154 2070 1184 2118 et
1212 2062 1307 2119 tutius
1327 2061 1493 2119 inveniunt.

459 2167 568 2228 Utrum
587 2167 677 2224 istam
697 2165 917 2241 interpretandi
938 2166 1017 2223 viam
1045 2176 1166 2224 secutus
1193 2166 1288 2224 literis
1315 2166 1423 2225 nostris
1445 2169 1546 2226 oblbe·

342 2286 344 2289 ’
418 2276 474 2331 rim
502 2293 540 2331 an
566 2271 745 2347 profuerim,
777 2271 940 2345 posteritas
966 2271 1073 2328 melius
1097 2271 1251 2327 iudicabit.
1293 2272 1441 2330 Prodesse
1467 2283 1546 2332 certe

419 2381 516 2450 volui,
538 2397 574 2435 ac
596 2377 701 2446 debui,
728 2385 817 2433 natus
839 2377 871 2433 iu
892 2377 1030 2450 regione,
1058 2377 1110 2434 ubi
1132 2376 1280 2450 ingenuae
1307 2386 1388 2435 artes
1408 2379 1468 2436 iam
1489 2379 1547 2436 tria

420 2485 540 2544 saecula
570 2484 699 2540 dilectae
729 2491 760 2540 et
790 2482 891 2538 cultae
919 2481 1057 2539 stabilem
1073 2499 1074 2502 ’
1088 2481 1189 2538 sedem
1215 2482 1403 2540 invenerunt
1457 2487 1546 2542 Anno

420 2591 500 2649 enim
525 2605 679 2659 uunxxv,
712 2588 743 2643 in
775 2587 873 2644 medio
901 2587 974 2644 belli
1002 2587 1163 2662 Hispanici
1184 2589 1313 2660 ardore,
1335 2589 1426 2647 Musa
1452 2591 1548 2668 gradu

419 2696 544 2770 pinnato
571 2693 631 2750 huc
660 2711 693 2749 se
719 2692 835 2763 intulit,
861 2702 897 2749 ut
917 2693 1035 2750 Punico
1060 2711 1092 2749 se
1119 2692 1200 2749 bello
1221 2695 1369 2765 secundo,
1401 2696 1481 2768 quod
1506 2695 1550 2754 ait

419 2800 548 2857 Porcius
573 2798 723 2868 Licinius,
745 2796 890 2853 intulerat
910 2797 1084 2854 bellicosam
1108 2798 1139 2854 in
1160 2798 1281 2856 Romuli
1302 2810 1421 2874 gentem
1443 2801 1547 2858 feram.

420 2902 550 2964 Condita
580 2921 660 2960 anno
687 2901 746 2958 isto
768 2901 934 2957 Academia
961 2900 1119 2973 Leidensi,
1149 2903 1277 2977 aliisque
1306 2905 1448 2980 deinceps
1471 2908 1549 2964 Aca·

420 3011 542 3081 demiis,
558 3067 562 3075 ,
579 3008 759 3078 Athenaeis,
793 3005 968 3082 Gymnasiis
998 3017 1029 3065 et
1060 3009 1184 3080 scholis,
1216 3010 1328 3085 scripta
1362 3009 1549 3071 Graecorum

420 3109 682 3188 Romanorumque
703 3113 803 3171 omnia
826 3111 992 3188 cupiditate
1018 3113 1081 3171 fere
1106 3115 1285 3189 inexplebili
1311 3117 1548 3190 devorabantur,

419 3221 496 3279 adeo
516 3231 550 3278 ut
571 3219 697 3277 fortasse
720 3228 783 3276 tota
808 3218 933 3292 Europa
959 3219 990 3275 in
1013 3220 1096 3276 nullo
1117 3221 1243 3295 populo,
1262 3230 1324 3278 tam
1346 3224 1462 3297 exiguis
1484 3226 1549 3283 lini·

421 3327 478 3382 bus
498 3323 629 3394 incluso,
652 3323 815 3397 quidquam
836 3322 931 3379 simile
952 3322 1149 3380 inveniretur.
1191 3323 1234 3382 Ut
1255 3325 1390 3383 omittam
1412 3329 1549 3402 publicos

420 3429 535 3504 ingenti
557 3446 682 3486 numero
702 3428 855 3498 doctores,
881 3427 1067 3485 incredibilis
1095 3447 1213 3504 semper
1238 3429 1364 3488 aliorum
1389 3434 1549 3492 multitudo

421 3535 550 3605 exstitit,
578 3533 631 3606 qui
652 3538 772 3608 poetas,
798 3531 974 3603 historicos,
997 3533 1206 3608 philosophos,
1229 3543 1365 3594 oratores
1391 3544 1454 3595 tam
1482 3540 1549 3598 dili·

420 3648 525 3716 genter
549 3637 727 3694 lectitabant
756 3644 787 3693 et
819 3638 912 3711 probe
943 3637 1164 3712 intelligebant,
1197 3648 1232 3697 ut
1265 3640 1342 3699 nihil
1367 3660 1549 3720 magnopere

421 3744 504 3803 aliud
524 3744 557 3800 in
577 3743 658 3800 omni
674 3742 739 3798 vita
754 3743 850 3816 egisse
868 3741 1054 3799 viderentur.
1084 3744 1202 3802 Horum
1222 3746 1275 3803 alii
1297 3747 1390 3805 libros
1410 3749 1548 3823 edidere,

420 3849 592 3908 testimonia
612 3866 679 3905 cum
700 3847 791 3905 studii
812 3847 981 3917 doctrinae,
1004 3855 1067 3905 tum
1088 3849 1243 3908 doctrinae
1262 3852 1357 3928 ipsius
1375 3855 1546 3934 verissima,

419 3957 474 4014 alii
505 3973 565 4012 nou
597 3954 731 4025 edidere,
760 3953 824 4010 sire
856 3954 977 4010 laudem
1010 3973 1115 4028 parum
1141 3966 1292 4030 curantes,
1316 3959 1380 4016 sive
1402 3962 1550 4018 modestia

422 4057 583 4136 prohibiti:
624 4059 679 4116 sod
717 4076 820 4115 omues
855 4058 931 4115 mira
962 4059 1161 4118 delectatione
1196 4064 1304 4121 mentis
1340 4064 1384 4122 ita
1420 4068 1548 4124 alendae

421 4167 633 4237 acuendaeque
656 4165 852 4222 ducebantur.
897 4164 956 4221 His
983 4165 1052 4223 otiis
1079 4168 1199 4241 negotia
1224 4187 1297 4227 suae
1319 4173 1446 4245 quisque
1467 4174 1549 4232 vitae

420 4271 594 4342 recreabat,
620 4278 652 4327 ot
680 4271 772 4344 vulgo
801 4271 840 4327 ad
865 4269 919 4327 illa
944 4271 1048 4328 utilius
1073 4280 1103 4329 et
1129 4275 1297 4350 elegantius
1326 4280 1458 4352 gerenda
1485 4282 1549 4338 ala·

419 4375 501 4433 crior
523 4375 650 4433 redibat.
691 4373 790 4448 Quam
815 4375 902 4432 multi
922 4375 993 4433 inde
1016 4386 1160 4450 quantam
1180 4382 1366 4457 voluptatem
1387 4401 1548 4457 rerumque

420 4489 628 4538 ornamentum
649 4480 862 4557 perceperunt!
884 4480 935 4553 Et,
951 4489 985 4539 ut
1006 4483 1113 4555 scires,
1130 4493 1265 4543 veterum
1285 4488 1443 4546 admiratio
1457 4507 1549 4562 quam
