3542 5634
671 505 852 570 LIBER
897 506 940 569 Il.
1306 507 1368 571 155

285 695 418 777 Semper
441 689 503 755 eris
528 689 691 754 derisori“
739 690 808 773 „At
831 711 944 754 omnes
968 690 1003 752 di
1026 690 1195 775 exagitent
1214 714 1283 775 me,

284 797 319 862 Si
343 796 555 881 quidquam.“
603 793 735 877 „Quidl
757 793 920 858 militibus
943 794 1105 878 promissa
1126 795 1293 881 Triquetra

283 899 421 965 Praedia
444 899 563 964 Caesar
585 919 627 963 au
651 903 701 962 est
724 897 810 962 Itala
833 881 949 962 tellure
972 898 1108 963 daturus
1116 901 1153 962 ?“

284 1005 451 1069 iurantem
473 1025 526 1068 me
550 1001 631 1068 scire
654 1002 755 1085 nihil,
778 1002 958 1083 mirantur,
981 1010 1020 1066 ut
1041 1025 1146 1068 uuum

285 1106 415 1172 Scilicet
438 1105 560 1191 egregii
582 1106 755 1170 mortalem
778 1105 901 1191 altique
926 1106 1046 1172 silenti.

285 1211 436 1275 Perditur
458 1211 537 1275 haec
561 1209 646 1274 inter
669 1209 786 1274 misero
809 1209 884 1292 lux,
909 1231 975 1274 non
998 1211 1070 1276 sine
1092 1212 1196 1278 votis:

285 1312 406 1379 Orosi
431 1312 560 1398 quaudo
584 1333 643 1397 ego
667 1319 700 1376 te
722 1312 919 1397 adspiciam,
944 1313 1137 1400 quandoque
1159 1314 1288 1398 licebit,

147 1511 156 1524 ⁸
244 1503 288 1552 risi
305 1503 416 1552 dolorem
438 1501 600 1550 dissimulant.
634 1502 666 1550 In
682 1497 787 1552 Luciani
827 1503 946 1552 ciliorum
955 1504 1054 1564 fratris
1069 1504 1109 1550 sai
1124 1517 1237 1560 consors,
1258 1505 1303 1552 sed
1322 1504 1372 1551 vir-

242 1579 358 1630 Timeue.
375 1581 414 1629 46.
449 1579 487 1628 ἀεὶ
509 1580 692 1645 φιλοσκώμμων
714 1580 787 1645 σύγε,
828 1587 925 1640 lutum,
950 1598 1013 1645 quae
1028 1584 1156 1631 interdum
1177 1584 1205 1631 ia
1226 1583 1270 1632 illo
1286 1589 1373 1641 aaut,

239 1661 371 1724 respondet
400 1659 521 1719 Gnatho,
547 1659 681 1724 appellatus
706 1659 787 1708 vultu·
826 1676 928 1723 ereum,
945 1665 1016 1711 medo
1032 1664 1103 1725 apud
1117 1668 1246 1712 aetnaeos
1257 1663 1374 1710 marina·

240 1757 298 1789 rum
315 1743 496 1791 voracissimus.
827 1747 869 1788 tus
888 1741 1036 1799 Caesarem,
1053 1744 1123 1791 snam
1138 1757 1190 1800 eos,
1201 1741 1245 1805 qui
1256 1744 1326 1791 iusta
1336 1743 1374 1791 di·

274 1821 406 1869 Militibus
419 1821 544 1884 promissa
558 1821 696 1881 Triquetra
708 1821 788 1868 Prae·
827 1822 921 1869 melone
934 1823 1109 1883 praedurum,
1120 1823 1304 1884 nominatisque
1314 1824 1375 1871 eolo

239 1900 285 1946 dia
305 1899 414 1958 Caesar,
436 1915 470 1947 aa
486 1903 524 1947 eat
548 1899 623 1946 Itala
640 1899 729 1947 tellure
745 1900 788 1946 da-
827 1900 1112 1962 assumeremus,
1129 1903 1375 1962 adamaeoncicm,

240 1981 331 2026 turus?
365 1977 562 2028 Commentator:
579 1974 713 2033 „militibus
725 1990 789 2024 eme·
827 1994 945 2038 magnum
969 1981 1105 2028 exercitum
1130 1979 1290 2041 conflaverat.
1329 1979 1374 2030 Os·

240 2057 295 2104 ritis
313 2057 353 2105 vel
369 2057 474 2105 dabatur
496 2055 648 2118 stipendium
670 2068 702 2102 ex
720 2069 787 2103 aera·
826 2057 896 2104 tendi
911 2057 1003 2118 locum,
1030 2059 1052 2105 si
1076 2057 1131 2121 quis
1156 2059 1286 2106 emendare
1306 2059 1374 2111 sciat,

241 2136 291 2194 rio,
309 2137 350 2184 vel
367 2136 556 2198 assignabantur
577 2135 645 2198 agri,
667 2149 728 2197 quos
749 2150 787 2184 co·
827 2136 973 2198 Lipsianum
988 2138 1096 2195 iniusta,
1119 2137 1284 2185 Heinsiautrm
1303 2139 1375 2186 iussu

240 2216 347 2264 lerent.“
381 2215 487 2278 Singula
501 2216 609 2276 praedia
619 2215 675 2276 agri
686 2215 787 2262 modum
826 2215 1137 2278 Ruhnkeuiononplaoet.
1162 2217 1373 2266 Ruhnkenianum

240 2295 477 2358 complectebantur,
506 2294 547 2342 hic
575 2293 706 2353 maiorem,
736 2293 788 2342 illic
826 2296 946 2342 instituta
964 2309 1014 2342 non
1031 2308 1119 2342 verum
1134 2302 1201 2358 puto.

240 2375 375 2431 minorem,
392 2389 436 2438 pro
453 2374 591 2423 conditione
608 2388 788 2437 possessorum
852 2375 978 2421 Perditur
988 2375 1122 2424 baeeinter
1130 2376 1372 2424 miserescamus-

240 2453 321 2501 multa
337 2461 420 2501 autem
436 2453 537 2516 praedia
560 2453 642 2502 Sicula
658 2454 787 2502 immensos
826 2466 932 2500 manuus
948 2453 979 2500 ad
996 2454 1142 2502 Lucretium
1152 2469 1210 2517 pag.
1224 2456 1277 2504 121.
1287 2458 1371 2518 perdi·

240 2532 303 2580 fines
320 2532 456 2592 habebaut;
474 2534 607 2596 Augustus
619 2533 730 2596 promisit
742 2534 787 2581 mi·
827 2537 871 2578 tur
887 2531 1009 2580 soloecnm
1026 2547 1078 2581 esse
1094 2540 1159 2582 recte
1175 2534 1280 2590 indicat,
1297 2542 1322 2583 et
1338 2535 1372 2584 le·

239 2613 338 2673 litibus,
354 2628 414 2677 ergo
430 2614 542 2678 promisit
559 2629 585 2662 se
601 2615 694 2662 viritim
711 2612 786 2661 eadi·
826 2611 863 2673 git
877 2614 1008 2673 pergitur,
1029 2612 1076 2660 hoc
1092 2620 1142 2672 est,
1166 2613 1213 2660 lux
1236 2613 1299 2662 mihi
1322 2615 1374 2663 lon-

241 2693 362 2741 visurum.
397 2694 471 2744 Unde
495 2709 585 2757 quaeso
609 2701 646 2742 tot
660 2692 787 2756 praedia?
827 2692 881 2754 gior
898 2691 1020 2751 redditur,
1045 2700 1074 2741 ut
1099 2693 1173 2743 ovid,
1198 2693 1301 2742 Metam.
1324 2694 1373 2744 lv.

241 2772 364 2835 Legimus
381 2775 407 2822 in
425 2773 525 2824 Sueten.
544 2772 642 2823 Caesar.
660 2774 701 2821 26.
717 2773 748 2820 de
759 2771 788 2819 li·
829 2770 882 2817 199.
900 2770 943 2818 ubi
960 2771 1017 2831 Sol,
1033 2773 1177 2822 Leuconoiis
1189 2787 1274 2822 amore
1286 2782 1373 2837 captus

241 2851 370 2901 beralitate
386 2852 460 2900 huius
477 2866 538 2914 erga
558 2852 661 2900 milites:
686 2852 789 2912 siaqula
827 2851 903 2897 boras
924 2852 1049 2900 humatos
1067 2853 1189 2914 passast,
1211 2867 1260 2915 quo
1281 2852 1373 2902 diutins

240 2932 369 2980 interdum
386 2933 512 2993 insumpta
528 2936 553 2978 et
568 2932 675 2992 waedia
692 2929 788 2977 uiritim
828 2926 898 2974 illam
922 2937 1049 2991 spectaret.
1084 2930 1128 2980 Sol
1152 2930 1230 2993 igitur
1254 2931 1301 2980 hoc
1323 2947 1375 2981 nou

240 3013 318 3060 dedit.
352 3010 510 3072 Oudendorp.
521 3009 685 3056 comesturam
702 3007 788 3056 Ursini
827 3003 946 3066 figurate,
962 3009 1005 3056 sed
1022 3022 1079 3056 vere
1096 3008 1163 3065 tecit,
1187 3017 1213 3057 et
1229 3024 1274 3057 sua
1298 3011 1375 3074 ipsius

240 3099 266 3140 et
291 3090 398 3139 aliorum
415 3095 480 3136 recte
504 3087 615 3136 laudavit
639 3103 670 3135 ea
683 3089 788 3149 praeda.
828 3097 929 3142 caussa,
947 3085 973 3132 in
989 3101 1016 3134 re
1032 3086 1145 3149 optabili,
1170 3087 1243 3134 sicuti
1267 3103 1291 3137 v.
1312 3105 1333 3138 a
1350 3097 1375 3138 et

240 3168 407 3218 Ruhnkenius
424 3174 538 3216 annotat:
561 3167 664 3226 „Fidem
681 3166 789 3226 excedit,
829 3163 925 3226 Iupiter
948 3178 1005 3212 cum
1032 3165 1095 3213 duas
1122 3173 1206 3214 noctes
1231 3168 1374 3229 copulabat,

240 3247 374 3299 Caesarem
395 3253 432 3296 tot
449 3246 558 3295 millibus
575 3246 703 3295 homiuum
719 3260 789 3310 prac-
829 3243 902 3291 horas
928 3243 1080 3306 geminabat,
1108 3250 1136 3291 ut
1163 3245 1284 3315 Hercules
1307 3248 1374 3295 nasei

241 3329 285 3377 dia
300 3329 393 3376 viritim
409 3327 528 3376 divisisse.
562 3326 597 3374 Et
612 3327 678 3374 unde
691 3332 787 3374 tantam
828 3329 920 3388 posset:
943 3339 993 3387 qua
1009 3331 1079 3371 nocte
1095 3332 1179 3372 tamen
1197 3324 1278 3374 Sosias
1295 3326 1322 3375 in
1340 3327 1374 3374 fa-

242 3407 399 3471 praediorum
415 3407 512 3470 copiam
527 3405 683 3453 habuisset?“
716 3405 789 3466 Quod
828 3400 887 3449 bula
903 3403 1087 3465 Amphitruone
1103 3403 1199 3452 nullam
1210 3404 1273 3452 vidit
1283 3407 1376 3468 loupia-

243 3501 331 3536 verum
348 3493 385 3535 est
402 3487 428 3534 in
445 3483 564 3542 Caesare,
586 3499 672 3532 verum
689 3492 737 3542 est,
762 3485 789 3532 ni
828 3498 893 3540 rem,
917 3498 993 3544 quam
1014 3499 1072 3532 aum
1092 3486 1238 3534 rubeatus
1256 3488 1375 3547 menda

244 3567 329 3626 fallor,
346 3567 373 3615 in
383 3567 509 3629 Augusto.
532 3564 652 3613 Horatius
664 3563 790 3627 scripsisse
828 3565 878 3608 ret·
911 3559 979 3610 Illud
990 3562 1118 3625 ingratum
1129 3565 1209 3628 magis
1220 3571 1375 3625 cerneretur,

243 3647 353 3695 videtur:
380 3646 509 3694 Militibus
532 3645 658 3706 mambra
685 3644 789 3705 Trique-
827 3639 848 3687 si
864 3640 982 3689 Horatius
993 3642 1141 3705 scripsisset:
1174 3644 1375 3707 Haeeperiiiu·

153 3792 155 3794 V
244 3732 288 3774 tra
313 3727 436 3775 Praemia
463 3723 570 3782 Caesar,
595 3738 630 3771 aa
653 3727 689 3770 est
714 3722 789 3770 Itala
828 3725 897 3769 terea
921 3722 1011 3770 misera
1035 3724 1088 3770 lux.
1126 3723 1183 3771 Hoc
1210 3730 1257 3772 est:
1282 3724 1376 3774 interea

243 3808 333 3856 tellure
353 3803 483 3854 daturus?
516 3802 644 3852 Promissa
662 3802 789 3862 praesum,
828 3799 892 3848 hanc
907 3800 988 3849 lucem
1004 3803 1092 3864 perd03
1109 3810 1137 3851 ut
1154 3802 1227 3852 Titus
1244 3806 1309 3852 diem
1319 3821 1374 3867 per-

242 3900 308 3949 quae
324 3886 426 3933 daturus
443 3890 518 3941 esset,
536 3883 588 3930 sive
604 3879 789 3930 inSiciliasive
828 3882 913 3939 debat,
938 3880 959 3928 si
982 3881 1045 3929 nihil
1069 3882 1184 3945 cuiquam
1208 3882 1375 3944 praestitisset.

244 3967 271 4013 in
287 3964 375 4024 Italia,
391 3972 450 4012 sunt
467 3965 536 4024 apri,
563 3961 646 4023 aliqua
671 3974 789 4023 agrorum
828 3959 930 4008 Dictum
952 3961 1059 4009 imitatos
1080 3962 1244 4024 Imperatores
1261 3961 1288 4008 in
1307 3960 1374 4024 priu-

243 4045 331 4108 portio,
348 4043 434 4106 iugera
450 4041 554 4105 ahquot,
571 4055 603 4088 ex
619 4039 723 4102 praediis
739 4053 789 4086 me·
828 4039 893 4102 cipio
909 4038 1014 4088 Constit.
1037 4041 1068 4088 de
1085 4041 1182 4103 patrini.
1205 4040 1242 4088 rei
1257 4041 1322 4088 dom.
1339 4040 1375 4087 af·

244 4131 310 4182 tata,
333 4137 382 4170 non
399 4129 451 4170 tota
474 4120 582 4184 praedia.
615 4119 738 4167 Pramnio
759 4118 790 4166 si·
828 4118 875 4167 fert
893 4117 1067 4168 casaubonus:
1085 4121 1151 4167 diem
1165 4120 1272 4181 periisse
1285 4120 1376 4181 wecel

245 4201 364 4264 gnificaut
388 4214 461 4248 omne
478 4212 556 4262 genus
574 4197 703 4245 commoda
727 4197 789 4245 mili·
829 4199 903 4246 dubia
917 4201 1087 4260 suspicemur,
1110 4212 1181 4259 quem
1197 4198 1280 4245 uestri
1295 4187 1375 4246 uuna:

244 4283 294 4330 tiae
310 4280 438 4337 emeritae,
454 4279 614 4334 missionum,
635 4290 707 4337 agros
724 4276 788 4324 mili-
828 4277 867 4325 ais
883 4277 1055 4339 munificentia
1071 4291 1120 4324 uon
1139 4277 1264 4323 illustrat.
1298 4276 1373 4326 Iuve-

245 4360 310 4410 tibus
322 4361 348 4408 in
360 4359 468 4422 praemia
480 4359 628 4421 adsignatos.
663 4356 729 4406 Vell.
741 4358 790 4406 Pa·
829 4357 878 4404 nal.
896 4356 969 4406 Satir.
986 4355 1037 4405 111.
1055 4355 1110 4404 123.
1120 4356 1252 4418 masat
1263 4361 1376 4420 tempora

245 4448 303 4490 berc.
320 4440 356 4489 II.
373 4440 413 4490 74.
430 4439 456 4486 iu
473 4438 557 4486 eadem
573 4427 625 4484 iere
641 4449 788 4486 caussaoor-
829 4438 895 4499 beai
925 4438 1035 4486 Seruilii.
1053 4434 1127 4485 (lons.
1143 4432 1211 4484 Cort.
1232 4436 1265 4484 ed
1281 4437 1375 4489 Lucan.

246 4529 333 4584 ruptus
350 4527 397 4568 est:
425 4520 524 4582 Quippe
541 4519 571 4566 L.
589 4517 714 4566 Antonius
734 4517 788 4566 Cos.
829 4515 879 4564 III.
896 4516 953 4566 706.
