<?xml version="1.0" encoding="UTF-8"?>
<!DOCTYPE html PUBLIC "-//W3C//DTD XHTML 1.0 Transitional//EN"
    "http://www.w3.org/TR/xhtml1/DTD/xhtml1-transitional.dtd">
<html xmlns="http://www.w3.org/1999/xhtml" xml:lang="en" lang="en">
 <head>
  <title>
</title>
<meta http-equiv="Content-Type" content="text/html;charset=utf-8" />
  <meta name='ocr-system' content='tesseract 3.04.00' />
  <meta name='ocr-capabilities' content='ocr_page ocr_carea ocr_par ocr_line ocrx_word'/>
</head>
<body>
  <div class='ocr_page' id='page_1' title='image "./qhoratiiflaccis01peergoog_0157.png"; bbox 0 0 3542 5634; ppageno 0'>
   <div class='ocr_carea' id='block_1_1' title="bbox 397 553 1137 621">
    <p class='ocr_par' dir='ltr' id='par_1_1' title="bbox 397 553 1137 621">
     <span class='ocr_line' id='line_1_1' title="bbox 397 553 1137 621; baseline 0 -3"><span class='ocrx_word' id='word_1_1' title='bbox 397 559 458 621; x_wconf 76' lang='grc'>132</span> <span class='ocrx_word' id='word_1_2' title='bbox 787 553 1137 620; x_wconf 82' lang='lat' dir='ltr'>SATIRARUM</span> 
     </span>
    </p>
   </div>
   <div class='ocr_carea' id='block_1_2' title="bbox 439 741 1489 1866">
    <p class='ocr_par' dir='ltr' id='par_1_2' title="bbox 439 741 1375 929">
     <span class='ocr_line' id='line_1_2' title="bbox 440 741 1375 828; baseline -0.002 -20"><span class='ocrx_word' id='word_1_3' title='bbox 440 743 618 828; x_wconf 84' lang='lat' dir='ltr'>Aegrotnre</span> <span class='ocrx_word' id='word_1_4' title='bbox 640 746 736 826; x_wconf 89' lang='lat' dir='ltr'>putes</span> <span class='ocrx_word' id='word_1_5' title='bbox 760 741 863 805; x_wconf 86' lang='lat' dir='ltr'>animi</span> <span class='ocrx_word' id='word_1_6' title='bbox 885 741 1001 806; x_wconf 83' lang='lat' dir='ltr'>vitio.“</span> <span class='ocrx_word' id='word_1_7' title='bbox 1049 741 1208 827; x_wconf 86' lang='lat' dir='ltr'>„Aooipe:</span> <span class='ocrx_word' id='word_1_8' title='bbox 1231 742 1375 827; x_wconf 90' lang='lat' dir='ltr'>primum</span> 
     </span>
     <span class='ocr_line' id='line_1_3' title="bbox 439 843 1278 929; baseline 0 -19"><span class='ocrx_word' id='word_1_9' title='bbox 439 845 621 927; x_wconf 81' lang='lat' dir='ltr'>Aedificas,</span> <span class='ocrx_word' id='word_1_10' title='bbox 647 845 708 909; x_wconf 92' lang='lat' dir='ltr'>hoo</span> <span class='ocrx_word' id='word_1_11' title='bbox 732 849 797 926; x_wconf 87' lang='lat' dir='ltr'>est,</span> <span class='ocrx_word' id='word_1_12' title='bbox 821 845 938 929; x_wconf 88' lang='lat' dir='ltr'>longos</span> <span class='ocrx_word' id='word_1_13' title='bbox 961 843 1122 928; x_wconf 85' lang='lat' dir='ltr'>imiteris,</span> <span class='ocrx_word' id='word_1_14' title='bbox 1147 845 1188 910; x_wconf 89' lang='lat' dir='ltr'>ab</span> <span class='ocrx_word' id='word_1_15' title='bbox 1212 844 1278 910; x_wconf 88' lang='lat' dir='ltr'>imo</span> 
     </span>
    </p>

    <p class='ocr_par' dir='ltr' id='par_1_3' title="bbox 441 949 1316 1137">
     <span class='ocr_line' id='line_1_4' title="bbox 441 949 1316 1034; baseline 0.002 -20"><span class='ocrx_word' id='word_1_16' title='bbox 441 951 495 1014; x_wconf 87' lang='lat' dir='ltr'>Ad</span> <span class='ocrx_word' id='word_1_17' title='bbox 518 971 684 1015; x_wconf 89' lang='lat' dir='ltr'>summum</span> <span class='ocrx_word' id='word_1_18' title='bbox 707 955 797 1015; x_wconf 84' lang='lat' dir='ltr'>totus</span> <span class='ocrx_word' id='word_1_19' title='bbox 820 949 947 1014; x_wconf 87' lang='lat' dir='ltr'>moduli</span> <span class='ocrx_word' id='word_1_20' title='bbox 969 949 1148 1034; x_wconf 85' lang='lat' dir='ltr'>bipedalis3</span> <span class='ocrx_word' id='word_1_21' title='bbox 1173 957 1206 1016; x_wconf 86' lang='lat' dir='ltr'>et</span> <span class='ocrx_word' id='word_1_22' title='bbox 1228 952 1316 1016; x_wconf 89' lang='lat' dir='ltr'>idern</span> 
     </span>
     <span class='ocr_line' id='line_1_5' title="bbox 442 1052 1233 1137; baseline 0.004 -20"><span class='ocrx_word' id='word_1_23' title='bbox 442 1053 581 1137; x_wconf 79' lang='lat' dir='ltr'><strong>Corpore</strong></span> <span class='ocrx_word' id='word_1_24' title='bbox 604 1052 760 1118; x_wconf 89' lang='lat' dir='ltr'>maiorem</span> <span class='ocrx_word' id='word_1_25' title='bbox 784 1052 869 1117; x_wconf 90' lang='lat' dir='ltr'>rides</span> <span class='ocrx_word' id='word_1_26' title='bbox 894 1052 1050 1117; x_wconf 85' lang='lat' dir='ltr'>Turbonis</span> <span class='ocrx_word' id='word_1_27' title='bbox 1074 1053 1109 1117; x_wconf 89' lang='lat' dir='ltr'>in</span> <span class='ocrx_word' id='word_1_28' title='bbox 1133 1054 1233 1120; x_wconf 86' lang='lat' dir='ltr'>arinis</span> 
     </span>
    </p>

    <p class='ocr_par' dir='ltr' id='par_1_4' title="bbox 442 1154 1362 1241">
     <span class='ocr_line' id='line_1_6' title="bbox 442 1154 1362 1241; baseline -0.002 -19"><span class='ocrx_word' id='word_1_29' title='bbox 442 1156 602 1241; x_wconf 83' lang='lat' dir='ltr'>Spiritum</span> <span class='ocrx_word' id='word_1_30' title='bbox 626 1162 659 1220; x_wconf 88' lang='lat' dir='ltr'>et</span> <span class='ocrx_word' id='word_1_31' title='bbox 681 1156 864 1221; x_wconf 87' lang='lat' dir='ltr'>incessum:</span> <span class='ocrx_word' id='word_1_32' title='bbox 889 1158 944 1240; x_wconf 84' lang='lat' dir='ltr'>qul</span> <span class='ocrx_word' id='word_1_33' title='bbox 967 1154 1124 1222; x_wconf 82' lang='lat' dir='ltr'>ridiculus</span> <span class='ocrx_word' id='word_1_34' title='bbox 1147 1158 1258 1224; x_wconf 89' lang='lat' dir='ltr'>minus</span> <span class='ocrx_word' id='word_1_35' title='bbox 1281 1157 1362 1222; x_wconf 84' lang='lat' dir='ltr'>illo?</span> 
     </span>
    </p>

    <p class='ocr_par' dir='ltr' id='par_1_5' title="bbox 441 1257 1489 1555">
     <span class='ocr_line' id='line_1_7' title="bbox 441 1257 1489 1346; baseline -0.002 -22"><span class='ocrx_word' id='word_1_36' title='bbox 441 1260 497 1324; x_wconf 88' lang='lat' dir='ltr'>An</span> <span class='ocrx_word' id='word_1_37' title='bbox 521 1259 747 1345; x_wconf 86' lang='lat' dir='ltr'>quodcumque</span> <span class='ocrx_word' id='word_1_38' title='bbox 770 1257 851 1324; x_wconf 81' lang='lat' dir='ltr'>feeit</span> <span class='ocrx_word' id='word_1_39' title='bbox 873 1259 1061 1341; x_wconf 78' lang='lat' dir='ltr'>Maecenas,</span> <span class='ocrx_word' id='word_1_40' title='bbox 1085 1265 1118 1326; x_wconf 80' lang='lat' dir='ltr'>te</span> <span class='ocrx_word' id='word_1_41' title='bbox 1142 1283 1268 1346; x_wconf 89' lang='lat' dir='ltr'>quoque</span> <span class='ocrx_word' id='word_1_42' title='bbox 1286 1282 1399 1326; x_wconf 87' lang='lat' dir='ltr'>verum</span> <span class='ocrx_word' id='word_1_43' title='bbox 1420 1262 1489 1338; x_wconf 89' lang='lat' dir='ltr'>est,</span> 
     </span>
     <span class='ocr_line' id='line_1_8' title="bbox 441 1363 1324 1432; baseline 0.003 -5"><span class='ocrx_word' id='word_1_44' title='bbox 441 1363 582 1428; x_wconf 82' lang='lat' dir='ltr'>Tantum</span> <span class='ocrx_word' id='word_1_45' title='bbox 605 1364 799 1430; x_wconf 83' lang='lat' dir='ltr'>dissimilem</span> <span class='ocrx_word' id='word_1_46' title='bbox 824 1369 858 1428; x_wconf 85' lang='lat' dir='ltr'>et</span> <span class='ocrx_word' id='word_1_47' title='bbox 880 1368 974 1428; x_wconf 86' lang='lat' dir='ltr'>tanto</span> <span class='ocrx_word' id='word_1_48' title='bbox 997 1370 1118 1430; x_wconf 83' lang='lat' dir='ltr'>certare</span> <span class='ocrx_word' id='word_1_49' title='bbox 1140 1365 1324 1432; x_wconf 80' lang='lat' dir='ltr'>minorem?</span> 
     </span>
     <span class='ocr_line' id='line_1_9' title="bbox 442 1467 1232 1555; baseline 0.005 -25"><span class='ocrx_word' id='word_1_50' title='bbox 442 1467 599 1532; x_wconf 84' lang='lat' dir='ltr'>Absentis</span> <span class='ocrx_word' id='word_1_51' title='bbox 623 1490 720 1533; x_wconf 86' lang='lat' dir='ltr'>ranae</span> <span class='ocrx_word' id='word_1_52' title='bbox 742 1468 843 1554; x_wconf 92' lang='lat' dir='ltr'>pullis</span> <span class='ocrx_word' id='word_1_53' title='bbox 867 1467 966 1533; x_wconf 87' lang='lat' dir='ltr'>vituli</span> <span class='ocrx_word' id='word_1_54' title='bbox 988 1468 1071 1552; x_wconf 90' lang='lat' dir='ltr'>pede</span> <span class='ocrx_word' id='word_1_55' title='bbox 1092 1470 1232 1555; x_wconf 82' lang='lat' dir='ltr'>pressis,</span> 
     </span>
    </p>

    <p class='ocr_par' dir='ltr' id='par_1_6' title="bbox 443 1569 1286 1658">
     <span class='ocr_line' id='line_1_10' title="bbox 443 1569 1286 1658; baseline 0.002 -23"><span class='ocrx_word' id='word_1_56' title='bbox 443 1569 538 1635; x_wconf 90' lang='lat' dir='ltr'>Unus</span> <span class='ocrx_word' id='word_1_57' title='bbox 561 1570 619 1635; x_wconf 89' lang='lat' dir='ltr'>ubi</span> <span class='ocrx_word' id='word_1_58' title='bbox 642 1571 773 1656; x_wconf 86' lang='lat' dir='ltr'>effugit,</span> <span class='ocrx_word' id='word_1_59' title='bbox 797 1571 896 1635; x_wconf 82' lang='lat' dir='ltr'>matri</span> <span class='ocrx_word' id='word_1_60' title='bbox 919 1571 1084 1655; x_wconf 84' lang='lat' dir='ltr'>denarrat,</span> <span class='ocrx_word' id='word_1_61' title='bbox 1109 1579 1147 1638; x_wconf 82' lang='lat' dir='ltr'>ui</span> <span class='ocrx_word' id='word_1_62' title='bbox 1170 1573 1286 1658; x_wconf 85' lang='lat' dir='ltr'>ingens</span> 
     </span>
    </p>

    <p class='ocr_par' dir='ltr' id='par_1_7' title="bbox 446 1673 1154 1762">
     <span class='ocr_line' id='line_1_11' title="bbox 446 1673 1154 1762; baseline 0.007 -25"><span class='ocrx_word' id='word_1_63' title='bbox 446 1673 561 1739; x_wconf 79' lang='lat' dir='ltr'>Bellus</span> <span class='ocrx_word' id='word_1_64' title='bbox 583 1682 738 1761; x_wconf 83' lang='lat' dir='ltr'>cognatos</span> <span class='ocrx_word' id='word_1_65' title='bbox 761 1675 893 1741; x_wconf 77' lang='lat' dir='ltr'>eliserit.</span> <span class='ocrx_word' id='word_1_66' title='bbox 941 1675 1005 1740; x_wconf 87' lang='lat' dir='ltr'>Illa</span> <span class='ocrx_word' id='word_1_67' title='bbox 1025 1698 1154 1762; x_wconf 86' lang='lat' dir='ltr'>rogare,</span> 
     </span>
    </p>

    <p class='ocr_par' dir='ltr' id='par_1_8' title="bbox 446 1775 1447 1866">
     <span class='ocr_line' id='line_1_12' title="bbox 446 1775 1447 1866; baseline 0 -26"><span class='ocrx_word' id='word_1_68' title='bbox 446 1775 636 1855; x_wconf 79' lang='lat' dir='ltr'>Quantane?</span> <span class='ocrx_word' id='word_1_69' title='bbox 657 1801 737 1843; x_wconf 92' lang='lat' dir='ltr'>num</span> <span class='ocrx_word' id='word_1_70' title='bbox 761 1783 910 1861; x_wconf 83' lang='lat' dir='ltr'>tantum,</span> <span class='ocrx_word' id='word_1_71' title='bbox 934 1777 1067 1845; x_wconf 86' lang='lat' dir='ltr'>sufflans</span> <span class='ocrx_word' id='word_1_72' title='bbox 1091 1803 1144 1864; x_wconf 91' lang='lat' dir='ltr'>se,</span> <span class='ocrx_word' id='word_1_73' title='bbox 1168 1803 1289 1866; x_wconf 84' lang='lat' dir='ltr'>magna</span> <span class='ocrx_word' id='word_1_74' title='bbox 1311 1778 1447 1844; x_wconf 87' lang='lat' dir='ltr'>fuisset?</span> 
     </span>
    </p>
   </div>
   <div class='ocr_carea' id='block_1_3' title="bbox 401 1941 1540 4624">
    <p class='ocr_par' dir='ltr' id='par_1_9' title="bbox 401 1941 1540 4624">
     <span class='ocr_line' id='line_1_13' title="bbox 401 1941 1532 2011; baseline -0.004 -18"><span class='ocrx_word' id='word_1_75' title='bbox 401 1959 448 1993; x_wconf 91' lang='lat' dir='ltr'>nus</span> <span class='ocrx_word' id='word_1_76' title='bbox 465 1946 546 1995; x_wconf 87' lang='lat' dir='ltr'>etiam.</span> <span class='ocrx_word' id='word_1_77' title='bbox 580 1946 675 1996; x_wconf 88' lang='lat' dir='ltr'>Iterum</span> <span class='ocrx_word' id='word_1_78' title='bbox 691 1948 879 2011; x_wconf 86' lang='lat' dir='ltr'>adeaptandam</span> <span class='ocrx_word' id='word_1_79' title='bbox 891 1948 942 1996; x_wconf 88' lang='lat' dir='ltr'>Da·</span> <span class='ocrx_word' id='word_1_80' title='bbox 984 1960 1084 2009; x_wconf 88' lang='lat' dir='ltr'>corpore</span> <span class='ocrx_word' id='word_1_81' title='bbox 1099 1947 1206 2003; x_wconf 88' lang='lat' dir='ltr'>maiora,</span> <span class='ocrx_word' id='word_1_82' title='bbox 1222 1945 1360 1994; x_wconf 74' lang='lat' dir='ltr'>dieenszot</span> <span class='ocrx_word' id='word_1_83' title='bbox 1370 1943 1405 2008; x_wconf 86' lang='grc' dir='ltr'>μὴ</span> <span class='ocrx_word' id='word_1_84' title='bbox 1417 1941 1532 2005; x_wconf 77' lang='grc' dir='ltr'><em>δύνωμαι</em></span> 
     </span>
     <span class='ocr_line' id='line_1_14' title="bbox 401 2021 1531 2090; baseline -0.004 -18"><span class='ocrx_word' id='word_1_85' title='bbox 401 2025 505 2088; x_wconf 86' lang='lat' dir='ltr'>mesippi</span> <span class='ocrx_word' id='word_1_86' title='bbox 527 2025 734 2084; x_wconf 83' lang='lat' dir='ltr'>benevolentiam,</span> <span class='ocrx_word' id='word_1_87' title='bbox 756 2033 780 2075; x_wconf 89' lang='lat' dir='ltr'>et</span> <span class='ocrx_word' id='word_1_88' title='bbox 801 2027 862 2074; x_wconf 89' lang='lat' dir='ltr'>mite</span> <span class='ocrx_word' id='word_1_89' title='bbox 882 2025 944 2073; x_wconf 87' lang='lat' dir='ltr'>iudi·</span> <span class='ocrx_word' id='word_1_90' title='bbox 986 2027 1140 2090; x_wconf 68' lang='grc' dir='ltr'>πορευθῆναι</span> <span class='ocrx_word' id='word_1_91' title='bbox 1157 2027 1184 2076; x_wconf 83' lang='lat' dir='ltr'>iv</span> <span class='ocrx_word' id='word_1_92' title='bbox 1201 2026 1305 2087; x_wconf 75' lang='grc' dir='ltr'><em>αὐτοῖς,</em></span> <span class='ocrx_word' id='word_1_93' title='bbox 1330 2023 1368 2072; x_wconf 77' lang='lat' dir='ltr'>tn</span> <span class='ocrx_word' id='word_1_94' title='bbox 1391 2023 1420 2070; x_wconf 86' lang='lat' dir='ltr'>oi</span> <span class='ocrx_word' id='word_1_95' title='bbox 1438 2021 1531 2069; x_wconf 78' lang='grc' dir='ltr'><strong><em>πεπεί-</em></strong></span> 
     </span>
     <span class='ocr_line' id='line_1_15' title="bbox 401 2101 1531 2170; baseline -0.002 -20"><span class='ocrx_word' id='word_1_96' title='bbox 401 2103 475 2151; x_wconf 89' lang='lat' dir='ltr'>einm.</span> <span class='ocrx_word' id='word_1_97' title='bbox 508 2105 549 2153; x_wconf 76' lang='lat' dir='ltr'>Ex</span> <span class='ocrx_word' id='word_1_98' title='bbox 571 2106 657 2154; x_wconf 89' lang='lat' dir='ltr'>eadem</span> <span class='ocrx_word' id='word_1_99' title='bbox 678 2107 715 2155; x_wconf 91' lang='lat' dir='ltr'>rei</span> <span class='ocrx_word' id='word_1_100' title='bbox 738 2106 875 2156; x_wconf 80' lang='lat' dir='ltr'>confitentis</span> <span class='ocrx_word' id='word_1_101' title='bbox 897 2105 945 2154; x_wconf 89' lang='lat' dir='ltr'>for·</span> <span class='ocrx_word' id='word_1_102' title='bbox 985 2124 1073 2170; x_wconf 83' lang='grc' dir='ltr'>ραμαι.</span> <span class='ocrx_word' id='word_1_103' title='bbox 1106 2106 1189 2170; x_wconf 79' lang='lat' dir='ltr'>Igitur</span> <span class='ocrx_word' id='word_1_104' title='bbox 1204 2106 1316 2154; x_wconf 76' lang='lat' dir='ltr'>sumebat</span> <span class='ocrx_word' id='word_1_105' title='bbox 1331 2103 1445 2152; x_wconf 81' lang='lat' dir='ltr'>baculum</span> <span class='ocrx_word' id='word_1_106' title='bbox 1456 2108 1482 2150; x_wconf 89' lang='lat' dir='ltr'>et</span> <span class='ocrx_word' id='word_1_107' title='bbox 1491 2101 1531 2149; x_wconf 87' lang='lat' dir='ltr'>la·</span> 
     </span>
     <span class='ocr_line' id='line_1_16' title="bbox 401 2181 1532 2248; baseline -0.002 -19"><span class='ocrx_word' id='word_1_108' title='bbox 401 2182 470 2230; x_wconf 86' lang='lat' dir='ltr'>mala</span> <span class='ocrx_word' id='word_1_109' title='bbox 488 2181 563 2233; x_wconf 76' lang='lat' dir='ltr'>Setis.</span> <span class='ocrx_word' id='word_1_110' title='bbox 578 2185 738 2238; x_wconf 83' lang='lat' dir='ltr'>11.v11.37.:</span> <span class='ocrx_word' id='word_1_111' title='bbox 755 2188 846 2236; x_wconf 78' lang='lat' dir='ltr'>etenim</span> <span class='ocrx_word' id='word_1_112' title='bbox 856 2187 947 2248; x_wconf 80' lang='lat' dir='ltr'>fateor</span> <span class='ocrx_word' id='word_1_113' title='bbox 986 2185 1062 2246; x_wconf 88' lang='lat' dir='ltr'>pides.</span> <span class='ocrx_word' id='word_1_114' title='bbox 1096 2185 1145 2234; x_wconf 91' lang='lat' dir='ltr'>Ille</span> <span class='ocrx_word' id='word_1_115' title='bbox 1161 2185 1266 2234; x_wconf 86' lang='lat' dir='ltr'>habebat</span> <span class='ocrx_word' id='word_1_116' title='bbox 1282 2185 1394 2248; x_wconf 90' lang='lat' dir='ltr'>spiritum</span> <span class='ocrx_word' id='word_1_117' title='bbox 1410 2189 1435 2230; x_wconf 90' lang='lat' dir='ltr'>et</span> <span class='ocrx_word' id='word_1_118' title='bbox 1451 2181 1532 2228; x_wconf 88' lang='lat' dir='ltr'>inoes-</span> 
     </span>
     <span class='ocr_line' id='line_1_17' title="bbox 401 2263 1531 2328; baseline -0.004 -16"><span class='ocrx_word' id='word_1_119' title='bbox 401 2279 451 2320; x_wconf 88' lang='lat' dir='ltr'>me,</span> <span class='ocrx_word' id='word_1_120' title='bbox 469 2263 535 2314; x_wconf 77' lang='lat' dir='ltr'>Duri</span> <span class='ocrx_word' id='word_1_121' title='bbox 550 2272 637 2316; x_wconf 84' lang='lat' dir='ltr'>ventre</span> <span class='ocrx_word' id='word_1_122' title='bbox 653 2267 743 2324; x_wconf 81' lang='lat' dir='ltr'>lerem3</span> <span class='ocrx_word' id='word_1_123' title='bbox 760 2281 850 2315; x_wconf 86' lang='lat' dir='ltr'>nusum</span> <span class='ocrx_word' id='word_1_124' title='bbox 860 2266 947 2313; x_wconf 83' lang='lat' dir='ltr'>nidore</span> <span class='ocrx_word' id='word_1_125' title='bbox 986 2277 1042 2310; x_wconf 85' lang='lat' dir='ltr'>sum</span> <span class='ocrx_word' id='word_1_126' title='bbox 1058 2264 1177 2313; x_wconf 89' lang='lat' dir='ltr'>maiorem</span> <span class='ocrx_word' id='word_1_127' title='bbox 1192 2279 1291 2328; x_wconf 90' lang='lat' dir='ltr'>oorpore</span> <span class='ocrx_word' id='word_1_128' title='bbox 1307 2270 1332 2312; x_wconf 91' lang='lat' dir='ltr'>et</span> <span class='ocrx_word' id='word_1_129' title='bbox 1347 2263 1433 2320; x_wconf 84' lang='lat' dir='ltr'>ermis,</span> <span class='ocrx_word' id='word_1_130' title='bbox 1444 2271 1473 2310; x_wconf 90' lang='lat' dir='ltr'>ut</span> <span class='ocrx_word' id='word_1_131' title='bbox 1482 2275 1531 2323; x_wconf 89' lang='lat' dir='ltr'>pn-</span> 
     </span>
     <span class='ocr_line' id='line_1_18' title="bbox 401 2343 1532 2408; baseline -0.002 -16"><span class='ocrx_word' id='word_1_132' title='bbox 401 2346 518 2405; x_wconf 70' lang='lat' dir='ltr'>supinum</span> <span class='ocrx_word' id='word_1_133' title='bbox 536 2347 694 2402; x_wconf 77' lang='lat' dir='ltr'>Imbecillus,</span> <span class='ocrx_word' id='word_1_134' title='bbox 705 2347 787 2404; x_wconf 87' lang='lat' dir='ltr'>iners,</span> <span class='ocrx_word' id='word_1_135' title='bbox 797 2347 820 2394; x_wconf 87' lang='lat' dir='ltr'>si</span> <span class='ocrx_word' id='word_1_136' title='bbox 830 2347 893 2406; x_wconf 83' lang='lat' dir='ltr'>quid</span> <span class='ocrx_word' id='word_1_137' title='bbox 903 2345 946 2402; x_wconf 79' lang='lat' dir='ltr'>sis,</span> <span class='ocrx_word' id='word_1_138' title='bbox 987 2343 1054 2390; x_wconf 84' lang='lat' dir='ltr'>tabat</span> <span class='ocrx_word' id='word_1_139' title='bbox 1071 2344 1212 2394; x_wconf 82' lang='lat' dir='ltr'>Goliathes:</span> <span class='ocrx_word' id='word_1_140' title='bbox 1228 2360 1330 2408; x_wconf 81' lang='lat' dir='ltr'>corpore</span> <span class='ocrx_word' id='word_1_141' title='bbox 1345 2351 1369 2394; x_wconf 84' lang='lat' dir='ltr'>et</span> <span class='ocrx_word' id='word_1_142' title='bbox 1386 2344 1479 2400; x_wconf 73' lang='lat' dir='ltr'>arinis,</span> <span class='ocrx_word' id='word_1_143' title='bbox 1501 2349 1532 2388; x_wconf 91' lang='lat' dir='ltr'>ut</span> 
     </span>
     <span class='ocr_line' id='line_1_19' title="bbox 401 2421 1528 2485; baseline -0.002 -15"><span class='ocrx_word' id='word_1_144' title='bbox 401 2423 477 2479; x_wconf 85' lang='lat' dir='ltr'>adde,</span> <span class='ocrx_word' id='word_1_145' title='bbox 492 2425 591 2485; x_wconf 80' lang='lat' dir='ltr'>popina.</span> <span class='ocrx_word' id='word_1_146' title='bbox 988 2421 1118 2472; x_wconf 85' lang='lat' dir='ltr'>Claudiam.</span> <span class='ocrx_word' id='word_1_147' title='bbox 1135 2425 1157 2474; x_wconf 94' lang='lat' dir='ltr'>I.</span> <span class='ocrx_word' id='word_1_148' title='bbox 1175 2424 1258 2474; x_wconf 84' lang='lat' dir='ltr'>Rufin.</span> <span class='ocrx_word' id='word_1_149' title='bbox 1275 2424 1331 2472; x_wconf 80' lang='lat' dir='ltr'>eto.</span> <span class='ocrx_word' id='word_1_150' title='bbox 1366 2424 1436 2470; x_wconf 83' lang='lat' dir='ltr'>Hine</span> <span class='ocrx_word' id='word_1_151' title='bbox 1454 2422 1528 2470; x_wconf 82' lang='lat' dir='ltr'>Stili-</span> 
     </span>
     <span class='ocr_line' id='line_1_20' title="bbox 437 2501 1532 2564; baseline -0.004 -13"><span class='ocrx_word' id='word_1_152' title='bbox 437 2501 547 2564; x_wconf 83' lang='lat' dir='ltr'>Corpore</span> <span class='ocrx_word' id='word_1_153' title='bbox 562 2505 680 2552; x_wconf 84' lang='lat' dir='ltr'>maiorem</span> <span class='ocrx_word' id='word_1_154' title='bbox 695 2505 763 2552; x_wconf 81' lang='lat' dir='ltr'>rides</span> <span class='ocrx_word' id='word_1_155' title='bbox 783 2502 903 2551; x_wconf 73' lang='lat' dir='ltr'>tertona</span> <span class='ocrx_word' id='word_1_156' title='bbox 919 2502 947 2548; x_wconf 84' lang='lat' dir='ltr'>in</span> <span class='ocrx_word' id='word_1_157' title='bbox 987 2505 1049 2551; x_wconf 76' lang='lat' dir='ltr'>ehem</span> <span class='ocrx_word' id='word_1_158' title='bbox 1066 2510 1174 2562; x_wconf 83' lang='lat' dir='ltr'>turmas,</span> <span class='ocrx_word' id='word_1_159' title='bbox 1186 2505 1257 2552; x_wconf 82' lang='lat' dir='ltr'>illine</span> <span class='ocrx_word' id='word_1_160' title='bbox 1270 2503 1400 2551; x_wconf 83' lang='lat' dir='ltr'>Gradivus</span> <span class='ocrx_word' id='word_1_161' title='bbox 1410 2502 1532 2564; x_wconf 75' lang='lat' dir='ltr'>agebunt,</span> 
     </span>
     <span class='ocr_line' id='line_1_21' title="bbox 403 2578 1353 2645; baseline 0.003 -19"><span class='ocrx_word' id='word_1_162' title='bbox 403 2579 480 2626; x_wconf 82' lang='lat' dir='ltr'>armis</span> <span class='ocrx_word' id='word_1_163' title='bbox 497 2580 625 2642; x_wconf 81' lang='lat' dir='ltr'>Spiritum</span> <span class='ocrx_word' id='word_1_164' title='bbox 642 2587 667 2629; x_wconf 84' lang='lat' dir='ltr'>et</span> <span class='ocrx_word' id='word_1_165' title='bbox 683 2585 811 2630; x_wconf 81' lang='lat' dir='ltr'>incessum.</span> <span class='ocrx_word' id='word_1_166' title='bbox 835 2579 884 2641; x_wconf 84' lang='lat' dir='ltr'>Qui</span> <span class='ocrx_word' id='word_1_167' title='bbox 901 2578 946 2627; x_wconf 90' lang='lat' dir='ltr'>init</span> <span class='ocrx_word' id='word_1_168' title='bbox 988 2583 1026 2630; x_wconf 81' lang='lat' dir='ltr'>Et</span> <span class='ocrx_word' id='word_1_169' title='bbox 1042 2585 1137 2645; x_wconf 73' lang='lat' dir='ltr'>clypeis</span> <span class='ocrx_word' id='word_1_170' title='bbox 1152 2588 1179 2631; x_wconf 81' lang='lat' dir='ltr'>et</span> <span class='ocrx_word' id='word_1_171' title='bbox 1194 2584 1255 2632; x_wconf 85' lang='lat' dir='ltr'>mole</span> <span class='ocrx_word' id='word_1_172' title='bbox 1269 2597 1353 2644; x_wconf 83' lang='lat' dir='ltr'>pares.</span> 
     </span>
     <span class='ocr_line' id='line_1_22' title="bbox 402 2660 1535 2724; baseline 0.001 -17"><span class='ocrx_word' id='word_1_173' title='bbox 402 2667 526 2708; x_wconf 70' lang='lat' dir='ltr'>conamen</span> <span class='ocrx_word' id='word_1_174' title='bbox 543 2660 680 2724; x_wconf 87' lang='lat' dir='ltr'>singulare,</span> <span class='ocrx_word' id='word_1_175' title='bbox 697 2675 754 2710; x_wconf 91' lang='lat' dir='ltr'>enm</span> <span class='ocrx_word' id='word_1_176' title='bbox 771 2661 860 2709; x_wconf 86' lang='lat' dir='ltr'>habere</span> <span class='ocrx_word' id='word_1_177' title='bbox 876 2673 946 2722; x_wconf 92' lang='lat' dir='ltr'>opor·</span> <span class='ocrx_word' id='word_1_178' title='bbox 1023 2662 1134 2709; x_wconf 79' lang='lat' dir='ltr'>Tantum</span> <span class='ocrx_word' id='word_1_179' title='bbox 1150 2663 1296 2710; x_wconf 72' lang='lat' dir='ltr'>dissimilem</span> <span class='ocrx_word' id='word_1_180' title='bbox 1312 2668 1338 2710; x_wconf 83' lang='lat' dir='ltr'>et</span> <span class='ocrx_word' id='word_1_181' title='bbox 1352 2665 1423 2709; x_wconf 83' lang='lat' dir='ltr'>tanto</span> <span class='ocrx_word' id='word_1_182' title='bbox 1433 2661 1535 2708; x_wconf 67' lang='lat' dir='ltr'>entare</span> 
     </span>
     <span class='ocr_line' id='line_1_23' title="bbox 403 2735 1531 2802; baseline -0.001 -18"><span class='ocrx_word' id='word_1_183' title='bbox 403 2744 438 2785; x_wconf 91' lang='lat' dir='ltr'>tet</span> <span class='ocrx_word' id='word_1_184' title='bbox 454 2752 504 2786; x_wconf 91' lang='lat' dir='ltr'>non</span> <span class='ocrx_word' id='word_1_185' title='bbox 520 2740 593 2787; x_wconf 88' lang='lat' dir='ltr'>modo</span> <span class='ocrx_word' id='word_1_186' title='bbox 608 2753 710 2802; x_wconf 86' lang='lat' dir='ltr'>eorpus,</span> <span class='ocrx_word' id='word_1_187' title='bbox 726 2740 945 2797; x_wconf 86' lang='lat' dir='ltr'>vires,sedetiam</span> <span class='ocrx_word' id='word_1_188' title='bbox 988 2739 1126 2787; x_wconf 82' lang='lat' dir='ltr'>minorem?</span> <span class='ocrx_word' id='word_1_189' title='bbox 1154 2740 1185 2789; x_wconf 91' lang='lat' dir='ltr'>In</span> <span class='ocrx_word' id='word_1_190' title='bbox 1196 2739 1252 2789; x_wconf 91' lang='lat' dir='ltr'>aliis</span> <span class='ocrx_word' id='word_1_191' title='bbox 1265 2746 1343 2790; x_wconf 82' lang='lat' dir='ltr'>tanto.</span> <span class='ocrx_word' id='word_1_192' title='bbox 1369 2738 1484 2786; x_wconf 82' lang='lat' dir='ltr'>Fortasse</span> <span class='ocrx_word' id='word_1_193' title='bbox 1494 2735 1531 2784; x_wconf 90' lang='lat' dir='ltr'>le·</span> 
     </span>
     <span class='ocr_line' id='line_1_24' title="bbox 403 2817 1534 2881; baseline 0.002 -19"><span class='ocrx_word' id='word_1_194' title='bbox 403 2818 710 2878; x_wconf 83' lang='lat' dir='ltr'>armapariaadversario.</span> <span class='ocrx_word' id='word_1_195' title='bbox 736 2817 842 2881; x_wconf 83' lang='lat' dir='ltr'>Spiritus</span> <span class='ocrx_word' id='word_1_196' title='bbox 855 2819 945 2877; x_wconf 83' lang='lat' dir='ltr'>audax,</span> <span class='ocrx_word' id='word_1_197' title='bbox 987 2819 1110 2879; x_wconf 85' lang='lat' dir='ltr'>gendum:</span> <span class='ocrx_word' id='word_1_198' title='bbox 1138 2822 1201 2868; x_wconf 80' lang='lat' dir='ltr'>Tum</span> <span class='ocrx_word' id='word_1_199' title='bbox 1217 2827 1242 2870; x_wconf 83' lang='lat' dir='ltr'>ie</span> <span class='ocrx_word' id='word_1_200' title='bbox 1257 2820 1415 2874; x_wconf 78' lang='lat' dir='ltr'>dissimilem,</span> <span class='ocrx_word' id='word_1_201' title='bbox 1436 2821 1534 2879; x_wconf 78' lang='lat' dir='ltr'>qreunto</span> 
     </span>
     <span class='ocr_line' id='line_1_25' title="bbox 403 2894 1533 2961; baseline 0 -19"><span class='ocrx_word' id='word_1_202' title='bbox 403 2894 512 2945; x_wconf 77' lang='lat' dir='ltr'>incessus</span> <span class='ocrx_word' id='word_1_203' title='bbox 529 2897 661 2959; x_wconf 86' lang='lat' dir='ltr'>superbus,</span> <span class='ocrx_word' id='word_1_204' title='bbox 682 2905 710 2946; x_wconf 90' lang='lat' dir='ltr'>ut</span> <span class='ocrx_word' id='word_1_205' title='bbox 731 2898 879 2957; x_wconf 83' lang='lat' dir='ltr'>Thrasonia,</span> <span class='ocrx_word' id='word_1_206' title='bbox 901 2914 944 2960; x_wconf 89' lang='lat' dir='ltr'>pa·</span> <span class='ocrx_word' id='word_1_207' title='bbox 986 2904 1083 2947; x_wconf 81' lang='lat' dir='ltr'>uertere</span> <span class='ocrx_word' id='word_1_208' title='bbox 1091 2901 1216 2948; x_wconf 85' lang='lat' dir='ltr'>minorem.</span> <span class='ocrx_word' id='word_1_209' title='bbox 1233 2899 1278 2948; x_wconf 88' lang='lat' dir='ltr'>An</span> <span class='ocrx_word' id='word_1_210' title='bbox 1285 2912 1391 2961; x_wconf 83' lang='lat' dir='ltr'>aequum</span> <span class='ocrx_word' id='word_1_211' title='bbox 1403 2902 1427 2944; x_wconf 92' lang='lat' dir='ltr'>et</span> <span class='ocrx_word' id='word_1_212' title='bbox 1437 2894 1533 2942; x_wconf 88' lang='lat' dir='ltr'>iustum</span> 
     </span>
     <span class='ocr_line' id='line_1_26' title="bbox 403 2974 1532 3042; baseline -0.003 -18"><span class='ocrx_word' id='word_1_213' title='bbox 403 2989 460 3024; x_wconf 89' lang='lat' dir='ltr'>rum</span> <span class='ocrx_word' id='word_1_214' title='bbox 482 2977 572 3026; x_wconf 87' lang='lat' dir='ltr'>valent.</span> <span class='ocrx_word' id='word_1_215' title='bbox 606 2977 640 3026; x_wconf 87' lang='lat' dir='ltr'>Hi</span> <span class='ocrx_word' id='word_1_216' title='bbox 662 2991 711 3025; x_wconf 91' lang='lat' dir='ltr'>non</span> <span class='ocrx_word' id='word_1_217' title='bbox 731 2979 852 3041; x_wconf 89' lang='lat' dir='ltr'>spondent</span> <span class='ocrx_word' id='word_1_218' title='bbox 867 2993 947 3042; x_wconf 87' lang='lat' dir='ltr'>neque</span> <span class='ocrx_word' id='word_1_219' title='bbox 987 2983 1023 3024; x_wconf 89' lang='lat' dir='ltr'>est</span> <span class='ocrx_word' id='word_1_220' title='bbox 1040 2984 1065 3025; x_wconf 91' lang='lat' dir='ltr'>te</span> <span class='ocrx_word' id='word_1_221' title='bbox 1081 2979 1175 3034; x_wconf 80' lang='lat' dir='ltr'>faeere,</span> <span class='ocrx_word' id='word_1_222' title='bbox 1193 2979 1258 3041; x_wconf 85' lang='lat' dir='ltr'>quod</span> <span class='ocrx_word' id='word_1_223' title='bbox 1270 2978 1401 3026; x_wconf 83' lang='lat' dir='ltr'>Maeeenas</span> <span class='ocrx_word' id='word_1_224' title='bbox 1411 2974 1532 3036; x_wconf 84' lang='lat' dir='ltr'>faeit‚te,</span> 
     </span>
     <span class='ocr_line' id='line_1_27' title="bbox 403 3052 1532 3120; baseline -0.004 -15"><span class='ocrx_word' id='word_1_225' title='bbox 403 3062 530 3119; x_wconf 83' lang='lat' dir='ltr'>praestent</span> <span class='ocrx_word' id='word_1_226' title='bbox 545 3056 684 3114; x_wconf 82' lang='lat' dir='ltr'>victoriam,</span> <span class='ocrx_word' id='word_1_227' title='bbox 701 3057 723 3104; x_wconf 91' lang='lat' dir='ltr'>si</span> <span class='ocrx_word' id='word_1_228' title='bbox 738 3071 826 3120; x_wconf 85' lang='lat' dir='ltr'>eorpus</span> <span class='ocrx_word' id='word_1_229' title='bbox 842 3063 867 3106; x_wconf 91' lang='lat' dir='ltr'>et</span> <span class='ocrx_word' id='word_1_230' title='bbox 877 3072 947 3105; x_wconf 85' lang='lat' dir='ltr'>arma</span> <span class='ocrx_word' id='word_1_231' title='bbox 987 3056 1101 3120; x_wconf 86' lang='lat' dir='ltr'>inquam,</span> <span class='ocrx_word' id='word_1_232' title='bbox 1123 3058 1166 3120; x_wconf 92' lang='lat' dir='ltr'>qui</span> <span class='ocrx_word' id='word_1_233' title='bbox 1182 3057 1319 3106; x_wconf 77' lang='lat' dir='ltr'>Maecenati</span> <span class='ocrx_word' id='word_1_234' title='bbox 1336 3064 1387 3104; x_wconf 86' lang='lat' dir='ltr'>tem</span> <span class='ocrx_word' id='word_1_235' title='bbox 1404 3052 1532 3102; x_wconf 88' lang='lat' dir='ltr'>dissimilis</span> 
     </span>
     <span class='ocr_line' id='line_1_28' title="bbox 404 3135 1531 3200; baseline -0.001 -19"><span class='ocrx_word' id='word_1_236' title='bbox 404 3148 454 3182; x_wconf 93' lang='lat' dir='ltr'>non</span> <span class='ocrx_word' id='word_1_237' title='bbox 470 3136 624 3198; x_wconf 88' lang='lat' dir='ltr'>respondent.</span> <span class='ocrx_word' id='word_1_238' title='bbox 658 3135 694 3185; x_wconf 91' lang='lat' dir='ltr'>Ut</span> <span class='ocrx_word' id='word_1_239' title='bbox 705 3150 771 3184; x_wconf 86' lang='lat' dir='ltr'>nune</span> <span class='ocrx_word' id='word_1_240' title='bbox 782 3136 945 3200; x_wconf 85' lang='lat' dir='ltr'>legitur,est:</span> <span class='ocrx_word' id='word_1_241' title='bbox 987 3135 1034 3194; x_wconf 86' lang='lat' dir='ltr'>sis,</span> <span class='ocrx_word' id='word_1_242' title='bbox 1055 3141 1148 3198; x_wconf 87' lang='lat' dir='ltr'>quento</span> <span class='ocrx_word' id='word_1_243' title='bbox 1169 3137 1250 3184; x_wconf 87' lang='lat' dir='ltr'>minor</span> <span class='ocrx_word' id='word_1_244' title='bbox 1267 3150 1292 3184; x_wconf 89' lang='lat' dir='ltr'>es</span> <span class='ocrx_word' id='word_1_245' title='bbox 1309 3151 1365 3184; x_wconf 91' lang='lat' dir='ltr'>oum</span> <span class='ocrx_word' id='word_1_246' title='bbox 1383 3149 1411 3184; x_wconf 88' lang='lat' dir='ltr'>oo</span> <span class='ocrx_word' id='word_1_247' title='bbox 1427 3140 1531 3182; x_wconf 80' lang='lat' dir='ltr'>certare.</span> 
     </span>
     <span class='ocr_line' id='line_1_29' title="bbox 405 3213 1532 3278; baseline -0.003 -17"><span class='ocrx_word' id='word_1_248' title='bbox 405 3213 490 3263; x_wconf 86' lang='lat' dir='ltr'>Turbo</span> <span class='ocrx_word' id='word_1_249' title='bbox 506 3215 533 3262; x_wconf 94' lang='lat' dir='ltr'>in</span> <span class='ocrx_word' id='word_1_250' title='bbox 549 3215 638 3273; x_wconf 89' lang='lat' dir='ltr'>armis,</span> <span class='ocrx_word' id='word_1_251' title='bbox 660 3222 782 3274; x_wconf 86' lang='lat' dir='ltr'>armatus,</span> <span class='ocrx_word' id='word_1_252' title='bbox 804 3215 878 3263; x_wconf 89' lang='lat' dir='ltr'>hebet</span> <span class='ocrx_word' id='word_1_253' title='bbox 899 3216 947 3278; x_wconf 84' lang='lat' dir='ltr'>spi·</span> <span class='ocrx_word' id='word_1_254' title='bbox 988 3213 1120 3276; x_wconf 80' lang='lat' dir='ltr'>cogitatur</span> <span class='ocrx_word' id='word_1_255' title='bbox 1137 3219 1208 3273; x_wconf 72' lang='lat' dir='ltr'>tento</span> <span class='ocrx_word' id='word_1_256' title='bbox 1224 3216 1365 3272; x_wconf 79' lang='lat' dir='ltr'>dissimilis,</span> <span class='ocrx_word' id='word_1_257' title='bbox 1382 3213 1462 3261; x_wconf 80' lang='lat' dir='ltr'>verbis</span> <span class='ocrx_word' id='word_1_258' title='bbox 1479 3225 1532 3259; x_wconf 89' lang='lat' dir='ltr'>non</span> 
     </span>
     <span class='ocr_line' id='line_1_30' title="bbox 404 3291 1534 3354; baseline 0 -16"><span class='ocrx_word' id='word_1_259' title='bbox 404 3292 481 3340; x_wconf 88' lang='lat' dir='ltr'>ritum</span> <span class='ocrx_word' id='word_1_260' title='bbox 506 3300 530 3342; x_wconf 92' lang='lat' dir='ltr'>et</span> <span class='ocrx_word' id='word_1_261' title='bbox 554 3294 674 3342; x_wconf 78' lang='lat' dir='ltr'>incessum</span> <span class='ocrx_word' id='word_1_262' title='bbox 703 3294 822 3342; x_wconf 85' lang='lat' dir='ltr'>maiorem</span> <span class='ocrx_word' id='word_1_263' title='bbox 846 3295 948 3342; x_wconf 87' lang='lat' dir='ltr'>viribus.</span> <span class='ocrx_word' id='word_1_264' title='bbox 988 3291 1146 3354; x_wconf 83' lang='lat' dir='ltr'>exprimitur,</span> <span class='ocrx_word' id='word_1_265' title='bbox 1172 3292 1230 3354; x_wconf 88' lang='lat' dir='ltr'>quia</span> <span class='ocrx_word' id='word_1_266' title='bbox 1252 3292 1334 3340; x_wconf 88' lang='lat' dir='ltr'>minus</span> <span class='ocrx_word' id='word_1_267' title='bbox 1359 3293 1476 3340; x_wconf 90' lang='lat' dir='ltr'>usitatum</span> <span class='ocrx_word' id='word_1_268' title='bbox 1493 3301 1534 3338; x_wconf 84' lang='lat' dir='ltr'>est</span> 
     </span>
     <span class='ocr_line' id='line_1_31' title="bbox 406 3371 1534 3439; baseline -0.002 -19"><span class='ocrx_word' id='word_1_269' title='bbox 406 3371 487 3433; x_wconf 82' lang='lat' dir='ltr'>Quum</span> <span class='ocrx_word' id='word_1_270' title='bbox 504 3373 570 3421; x_wconf 87' lang='lat' dir='ltr'>iners</span> <span class='ocrx_word' id='word_1_271' title='bbox 586 3373 618 3420; x_wconf 92' lang='lat' dir='ltr'>sit</span> <span class='ocrx_word' id='word_1_272' title='bbox 635 3373 698 3421; x_wconf 88' lang='lat' dir='ltr'>illud</span> <span class='ocrx_word' id='word_1_273' title='bbox 713 3375 740 3421; x_wconf 83' lang='lat' dir='ltr'>in</span> <span class='ocrx_word' id='word_1_274' title='bbox 758 3374 949 3436; x_wconf 73' lang='lat' dir='ltr'>nrnrisepperet</span> <span class='ocrx_word' id='word_1_275' title='bbox 990 3372 1210 3439; x_wconf 75' lang='lat' dir='ltr'>tantodissimiiis.</span> <span class='ocrx_word' id='word_1_276' title='bbox 1235 3372 1367 3434; x_wconf 80' lang='lat' dir='ltr'>Exquisite</span> <span class='ocrx_word' id='word_1_277' title='bbox 1382 3376 1534 3419; x_wconf 81' lang='lat' dir='ltr'>antemium</span> 
     </span>
     <span class='ocr_line' id='line_1_32' title="bbox 405 3449 1535 3514; baseline -0.003 -16"><span class='ocrx_word' id='word_1_278' title='bbox 405 3465 438 3499; x_wconf 83' lang='lat' dir='ltr'>ex</span> <span class='ocrx_word' id='word_1_279' title='bbox 459 3450 558 3500; x_wconf 84' lang='lat' dir='ltr'>Scholio</span> <span class='ocrx_word' id='word_1_280' title='bbox 579 3452 699 3500; x_wconf 89' lang='lat' dir='ltr'>Aoronis:</span> <span class='ocrx_word' id='word_1_281' title='bbox 726 3449 826 3510; x_wconf 82' lang='lat' dir='ltr'>„Turbo</span> <span class='ocrx_word' id='word_1_282' title='bbox 847 3452 949 3514; x_wconf 87' lang='lat' dir='ltr'>quidem</span> <span class='ocrx_word' id='word_1_283' title='bbox 990 3456 1150 3513; x_wconf 85' lang='lat' dir='ltr'>insequente</span> <span class='ocrx_word' id='word_1_284' title='bbox 1166 3457 1269 3513; x_wconf 80' lang='lat' dir='ltr'>quanto.</span> <span class='ocrx_word' id='word_1_285' title='bbox 1301 3449 1440 3500; x_wconf 81' lang='lat' dir='ltr'>Emendavi</span> <span class='ocrx_word' id='word_1_286' title='bbox 1451 3463 1535 3511; x_wconf 87' lang='lat' dir='ltr'>nuper</span> 
     </span>
     <span class='ocr_line' id='line_1_33' title="bbox 406 3528 1535 3594; baseline 0 -16"><span class='ocrx_word' id='word_1_287' title='bbox 406 3531 495 3578; x_wconf 86' lang='lat' dir='ltr'>dieitur</span> <span class='ocrx_word' id='word_1_288' title='bbox 511 3529 587 3579; x_wconf 85' lang='lat' dir='ltr'>fuisse</span> <span class='ocrx_word' id='word_1_289' title='bbox 603 3531 725 3594; x_wconf 74' lang='lat' dir='ltr'>gladiator</span> <span class='ocrx_word' id='word_1_290' title='bbox 741 3531 794 3578; x_wconf 87' lang='lat' dir='ltr'>sive</span> <span class='ocrx_word' id='word_1_291' title='bbox 811 3528 880 3578; x_wconf 89' lang='lat' dir='ltr'>miles</span> <span class='ocrx_word' id='word_1_292' title='bbox 898 3530 950 3579; x_wconf 84' lang='lat' dir='ltr'>exi·</span> <span class='ocrx_word' id='word_1_293' title='bbox 989 3530 1092 3593; x_wconf 82' lang='lat' dir='ltr'>Virgilii</span> <span class='ocrx_word' id='word_1_294' title='bbox 1108 3529 1199 3593; x_wconf 85' lang='lat' dir='ltr'>Georg.</span> <span class='ocrx_word' id='word_1_295' title='bbox 1217 3532 1266 3581; x_wconf 90' lang='lat' dir='ltr'>IV.</span> <span class='ocrx_word' id='word_1_296' title='bbox 1277 3533 1333 3581; x_wconf 78' lang='lat'>411.</span> <span class='ocrx_word' id='word_1_297' title='bbox 1360 3532 1421 3589; x_wconf 85' lang='lat' dir='ltr'>Sed,</span> <span class='ocrx_word' id='word_1_298' title='bbox 1437 3535 1535 3592; x_wconf 82' lang='lat' dir='ltr'>quanto</span> 
     </span>
     <span class='ocr_line' id='line_1_34' title="bbox 406 3608 1535 3673; baseline -0.001 -17"><span class='ocrx_word' id='word_1_299' title='bbox 406 3623 470 3672; x_wconf 86' lang='lat' dir='ltr'>guae</span> <span class='ocrx_word' id='word_1_300' title='bbox 486 3615 594 3657; x_wconf 83' lang='lat' dir='ltr'>staturae</span> <span class='ocrx_word' id='word_1_301' title='bbox 614 3610 657 3658; x_wconf 84' lang='lat' dir='ltr'>sed</span> <span class='ocrx_word' id='word_1_302' title='bbox 681 3609 767 3672; x_wconf 85' lang='lat' dir='ltr'>magni</span> <span class='ocrx_word' id='word_1_303' title='bbox 782 3608 859 3655; x_wconf 90' lang='lat' dir='ltr'>animi</span> <span class='ocrx_word' id='word_1_304' title='bbox 883 3616 908 3657; x_wconf 91' lang='lat' dir='ltr'>et</span> <span class='ocrx_word' id='word_1_305' title='bbox 924 3609 950 3657; x_wconf 94' lang='lat' dir='ltr'>in</span> <span class='ocrx_word' id='word_1_306' title='bbox 989 3611 1032 3658; x_wconf 84' lang='lat' dir='ltr'>ille</span> <span class='ocrx_word' id='word_1_307' title='bbox 1053 3610 1283 3673; x_wconf 56' lang='lat' dir='ltr'>magistratusue</span> <span class='ocrx_word' id='word_1_308' title='bbox 1299 3616 1378 3659; x_wconf 80' lang='lat' dir='ltr'>uertet</span> <span class='ocrx_word' id='word_1_309' title='bbox 1394 3612 1422 3657; x_wconf 88' lang='lat' dir='ltr'>in</span> <span class='ocrx_word' id='word_1_310' title='bbox 1437 3622 1535 3666; x_wconf 83' lang='lat' dir='ltr'>omnes,</span> 
     </span>
     <span class='ocr_line' id='line_1_35' title="bbox 406 3686 1535 3753; baseline 0.004 -19"><span class='ocrx_word' id='word_1_311' title='bbox 406 3687 499 3749; x_wconf 90' lang='lat' dir='ltr'>proelio</span> <span class='ocrx_word' id='word_1_312' title='bbox 526 3686 610 3745; x_wconf 87' lang='lat' dir='ltr'>fortis,</span> <span class='ocrx_word' id='word_1_313' title='bbox 643 3701 699 3735; x_wconf 90' lang='lat' dir='ltr'>oum</span> <span class='ocrx_word' id='word_1_314' title='bbox 727 3694 790 3735; x_wconf 88' lang='lat' dir='ltr'>esset</span> <span class='ocrx_word' id='word_1_315' title='bbox 816 3692 950 3737; x_wconf 68' lang='lat' dir='ltr'>armatusf‘</span> <span class='ocrx_word' id='word_1_316' title='bbox 994 3691 1057 3737; x_wconf 79' lang='lat' dir='ltr'>Tam</span> <span class='ocrx_word' id='word_1_317' title='bbox 1074 3695 1114 3748; x_wconf 83' lang='lat' dir='ltr'>tn,</span> <span class='ocrx_word' id='word_1_318' title='bbox 1132 3691 1293 3753; x_wconf 54' lang='lat' dir='ltr'>estimationis</span> <span class='ocrx_word' id='word_1_319' title='bbox 1304 3690 1421 3739; x_wconf 82' lang='lat' dir='ltr'>contende</span> <span class='ocrx_word' id='word_1_320' title='bbox 1432 3689 1535 3738; x_wconf 73' lang='lat' dir='ltr'>tenacia</span> 
     </span>
     <span class='ocr_line' id='line_1_36' title="bbox 408 3765 1535 3829; baseline 0.002 -17"><span class='ocrx_word' id='word_1_321' title='bbox 408 3765 470 3826; x_wconf 89' lang='lat' dir='ltr'>Quis</span> <span class='ocrx_word' id='word_1_322' title='bbox 487 3766 513 3813; x_wconf 90' lang='lat' dir='ltr'>in</span> <span class='ocrx_word' id='word_1_323' title='bbox 528 3765 650 3829; x_wconf 87' lang='lat' dir='ltr'>proelium</span> <span class='ocrx_word' id='word_1_324' title='bbox 667 3765 736 3814; x_wconf 83' lang='lat' dir='ltr'>&#39;venit</span> <span class='ocrx_word' id='word_1_325' title='bbox 751 3765 868 3814; x_wconf 79' lang='lat' dir='ltr'>inermis?</span> <span class='ocrx_word' id='word_1_326' title='bbox 893 3767 950 3816; x_wconf 90' lang='lat' dir='ltr'>Ple·</span> <span class='ocrx_word' id='word_1_327' title='bbox 989 3769 1079 3817; x_wconf 72' lang='lat' dir='ltr'>vineti.</span> <span class='ocrx_word' id='word_1_328' title='bbox 1106 3768 1156 3818; x_wconf 91' lang='lat' dir='ltr'>Ubi</span> <span class='ocrx_word' id='word_1_329' title='bbox 1164 3770 1191 3817; x_wconf 92' lang='lat' dir='ltr'>in</span> <span class='ocrx_word' id='word_1_330' title='bbox 1199 3769 1265 3817; x_wconf 90' lang='lat' dir='ltr'>Med.</span> <span class='ocrx_word' id='word_1_331' title='bbox 1274 3775 1327 3817; x_wconf 86' lang='lat' dir='ltr'>erat</span> <span class='ocrx_word' id='word_1_332' title='bbox 1335 3773 1418 3815; x_wconf 81' lang='lat' dir='ltr'>tantu.</span> <span class='ocrx_word' id='word_1_333' title='bbox 1444 3765 1535 3828; x_wconf 82' lang='lat' dir='ltr'>Vulgo</span> 
     </span>
     <span class='ocr_line' id='line_1_37' title="bbox 407 3844 1535 3910; baseline 0.004 -19"><span class='ocrx_word' id='word_1_334' title='bbox 407 3846 462 3893; x_wconf 92' lang='lat' dir='ltr'>nior</span> <span class='ocrx_word' id='word_1_335' title='bbox 489 3844 622 3908; x_wconf 88' lang='lat' dir='ltr'>requiritur</span> <span class='ocrx_word' id='word_1_336' title='bbox 649 3845 810 3908; x_wconf 83' lang='lat' dir='ltr'>comparatio:</span> <span class='ocrx_word' id='word_1_337' title='bbox 841 3847 951 3910; x_wconf 81' lang='lat' dir='ltr'>Corpore</span> <span class='ocrx_word' id='word_1_338' title='bbox 990 3847 1081 3910; x_wconf 84' lang='lat' dir='ltr'>legitur</span> <span class='ocrx_word' id='word_1_339' title='bbox 1098 3853 1176 3898; x_wconf 82' lang='lat' dir='ltr'>tanto.</span> <span class='ocrx_word' id='word_1_340' title='bbox 1210 3846 1282 3896; x_wconf 85' lang='lat' dir='ltr'>Conf.</span> <span class='ocrx_word' id='word_1_341' title='bbox 1299 3848 1463 3910; x_wconf 86' lang='lat' dir='ltr'>Mnemosyne</span> <span class='ocrx_word' id='word_1_342' title='bbox 1474 3847 1535 3895; x_wconf 87' lang='lat' dir='ltr'>Lei-</span> 
     </span>
     <span class='ocr_line' id='line_1_38' title="bbox 408 3927 1312 3990; baseline 0.003 -18"><span class='ocrx_word' id='word_1_343' title='bbox 408 3927 527 3974; x_wconf 72' lang='lat' dir='ltr'>seniorem</span> <span class='ocrx_word' id='word_1_344' title='bbox 544 3927 611 3973; x_wconf 84' lang='lat' dir='ltr'>rides</span> <span class='ocrx_word' id='word_1_345' title='bbox 625 3927 746 3974; x_wconf 77' lang='lat' dir='ltr'>Turbonis</span> <span class='ocrx_word' id='word_1_346' title='bbox 762 3932 787 3973; x_wconf 83' lang='lat' dir='ltr'>et</span> <span class='ocrx_word' id='word_1_347' title='bbox 804 3928 881 3974; x_wconf 84' lang='lat' dir='ltr'>armis</span> <span class='ocrx_word' id='word_1_348' title='bbox 894 3929 950 3988; x_wconf 84' lang='lat' dir='ltr'>Spi-</span> <span class='ocrx_word' id='word_1_349' title='bbox 991 3927 1072 3976; x_wconf 87' lang='lat' dir='ltr'>densis</span> <span class='ocrx_word' id='word_1_350' title='bbox 1088 3943 1111 3976; x_wconf 85' lang='lat' dir='ltr'>a.</span> <span class='ocrx_word' id='word_1_351' title='bbox 1130 3928 1200 3977; x_wconf 82' lang='lat'>1861.</span> <span class='ocrx_word' id='word_1_352' title='bbox 1216 3942 1240 3990; x_wconf 89' lang='lat' dir='ltr'>p.</span> <span class='ocrx_word' id='word_1_353' title='bbox 1256 3927 1312 3978; x_wconf 72' lang='lat'><strong>297.</strong></span> 
     </span>
     <span class='ocr_line' id='line_1_39' title="bbox 407 4005 1540 4068; baseline 0 -15"><span class='ocrx_word' id='word_1_354' title='bbox 407 4007 486 4054; x_wconf 85' lang='lat' dir='ltr'>ritum</span> <span class='ocrx_word' id='word_1_355' title='bbox 503 4013 527 4053; x_wconf 86' lang='lat' dir='ltr'>et</span> <span class='ocrx_word' id='word_1_356' title='bbox 544 4007 671 4055; x_wconf 81' lang='lat' dir='ltr'>intersum.</span> <span class='ocrx_word' id='word_1_357' title='bbox 704 4005 950 4064; x_wconf 83' lang='lat' dir='ltr'>UtTurbo‚sieum</span> <span class='ocrx_word' id='word_1_358' title='bbox 1029 4007 1184 4066; x_wconf 81' lang='lat' dir='ltr'>Qunntane?</span> <span class='ocrx_word' id='word_1_359' title='bbox 1202 4023 1263 4055; x_wconf 85' lang='lat' dir='ltr'>num</span> <span class='ocrx_word' id='word_1_360' title='bbox 1292 4012 1404 4066; x_wconf 82' lang='lat' dir='ltr'>tantum,</span> <span class='ocrx_word' id='word_1_361' title='bbox 1426 4007 1540 4068; x_wconf 78' lang='lat' dir='ltr'>sufflans</span> 
     </span>
     <span class='ocr_line' id='line_1_40' title="bbox 409 4083 1536 4150; baseline 0.002 -17"><span class='ocrx_word' id='word_1_362' title='bbox 409 4086 557 4149; x_wconf 73' lang='lat' dir='ltr'>gladiatore,</span> <span class='ocrx_word' id='word_1_363' title='bbox 578 4085 673 4133; x_wconf 86' lang='lat' dir='ltr'>viribus</span> <span class='ocrx_word' id='word_1_364' title='bbox 690 4092 714 4134; x_wconf 90' lang='lat' dir='ltr'>et</span> <span class='ocrx_word' id='word_1_365' title='bbox 730 4085 804 4134; x_wconf 87' lang='lat' dir='ltr'>armis</span> <span class='ocrx_word' id='word_1_366' title='bbox 821 4085 895 4148; x_wconf 88' lang='lat' dir='ltr'>longe</span> <span class='ocrx_word' id='word_1_367' title='bbox 911 4101 951 4134; x_wconf 86' lang='lat' dir='ltr'>su·</span> <span class='ocrx_word' id='word_1_368' title='bbox 991 4103 1025 4146; x_wconf 87' lang='lat' dir='ltr'>se,</span> <span class='ocrx_word' id='word_1_369' title='bbox 1051 4103 1142 4150; x_wconf 80' lang='lat' dir='ltr'>magna</span> <span class='ocrx_word' id='word_1_370' title='bbox 1159 4085 1276 4149; x_wconf 60' lang='lat' dir='ltr'>suisset?</span> <span class='ocrx_word' id='word_1_371' title='bbox 1310 4083 1397 4136; x_wconf 86' lang='lat' dir='ltr'>Maior</span> <span class='ocrx_word' id='word_1_372' title='bbox 1421 4087 1536 4135; x_wconf 83' lang='lat' dir='ltr'>dimidio.</span> 
     </span>
     <span class='ocr_line' id='line_1_41' title="bbox 408 4164 1537 4229; baseline -0.002 -15"><span class='ocrx_word' id='word_1_373' title='bbox 408 4166 515 4229; x_wconf 86' lang='lat' dir='ltr'>periore,</span> <span class='ocrx_word' id='word_1_374' title='bbox 527 4179 684 4228; x_wconf 70' lang='lat' dir='ltr'>congressus,</span> <span class='ocrx_word' id='word_1_375' title='bbox 695 4166 846 4224; x_wconf 87' lang='lat' dir='ltr'>uinceretur,</span> <span class='ocrx_word' id='word_1_376' title='bbox 858 4165 951 4214; x_wconf 90' lang='lat' dir='ltr'>itaHo-</span> <span class='ocrx_word' id='word_1_377' title='bbox 994 4169 1063 4214; x_wconf 85' lang='lat' dir='ltr'>Num</span> <span class='ocrx_word' id='word_1_378' title='bbox 1075 4165 1197 4214; x_wconf 82' lang='lat' dir='ltr'>tantum?</span> <span class='ocrx_word' id='word_1_379' title='bbox 1213 4164 1337 4229; x_wconf 83' lang='lat' dir='ltr'>Cruquius</span> <span class='ocrx_word' id='word_1_380' title='bbox 1349 4181 1382 4214; x_wconf 86' lang='lat' dir='ltr'>ex</span> <span class='ocrx_word' id='word_1_381' title='bbox 1394 4164 1470 4215; x_wconf 86' lang='lat' dir='ltr'><strong>MSS.</strong></span> <span class='ocrx_word' id='word_1_382' title='bbox 1481 4164 1537 4213; x_wconf 87' lang='lat' dir='ltr'>suis</span> 
     </span>
     <span class='ocr_line' id='line_1_42' title="bbox 408 4244 1540 4308; baseline 0 -15"><span class='ocrx_word' id='word_1_383' title='bbox 408 4247 485 4293; x_wconf 86' lang='lat' dir='ltr'>ratius</span> <span class='ocrx_word' id='word_1_384' title='bbox 502 4245 641 4296; x_wconf 86' lang='lat' dir='ltr'>Maecenati</span> <span class='ocrx_word' id='word_1_385' title='bbox 657 4252 710 4293; x_wconf 89' lang='lat' dir='ltr'>erat</span> <span class='ocrx_word' id='word_1_386' title='bbox 726 4244 850 4294; x_wconf 87' lang='lat' dir='ltr'>dissimilis</span> <span class='ocrx_word' id='word_1_387' title='bbox 867 4251 892 4292; x_wconf 84' lang='lat' dir='ltr'>et</span> <span class='ocrx_word' id='word_1_388' title='bbox 902 4257 952 4291; x_wconf 89' lang='lat' dir='ltr'>oer-</span> <span class='ocrx_word' id='word_1_389' title='bbox 993 4246 1070 4303; x_wconf 85' lang='lat' dir='ltr'>dedit:</span> <span class='ocrx_word' id='word_1_390' title='bbox 1087 4260 1148 4292; x_wconf 89' lang='lat' dir='ltr'>nnm</span> <span class='ocrx_word' id='word_1_391' title='bbox 1165 4250 1277 4301; x_wconf 81' lang='lat' dir='ltr'>tantum,</span> <span class='ocrx_word' id='word_1_392' title='bbox 1297 4246 1407 4308; x_wconf 82' lang='lat' dir='ltr'>sufflans</span> <span class='ocrx_word' id='word_1_393' title='bbox 1422 4260 1460 4303; x_wconf 80' lang='lat' dir='ltr'>se,</span> <span class='ocrx_word' id='word_1_394' title='bbox 1483 4261 1540 4293; x_wconf 84' lang='lat' dir='ltr'>mn-</span> 
     </span>
     <span class='ocr_line' id='line_1_43' title="bbox 408 4322 1539 4389; baseline -0.003 -17"><span class='ocrx_word' id='word_1_395' title='bbox 408 4332 461 4374; x_wconf 86' lang='lat' dir='ltr'>tare</span> <span class='ocrx_word' id='word_1_396' title='bbox 478 4325 565 4374; x_wconf 87' lang='lat' dir='ltr'>minor.</span> <span class='ocrx_word' id='word_1_397' title='bbox 598 4325 730 4373; x_wconf 73' lang='lat' dir='ltr'>Maecenas</span> <span class='ocrx_word' id='word_1_398' title='bbox 745 4325 819 4388; x_wconf 90' lang='lat' dir='ltr'>longe</span> <span class='ocrx_word' id='word_1_399' title='bbox 834 4324 952 4372; x_wconf 77' lang='lat' dir='ltr'>maiorem</span> <span class='ocrx_word' id='word_1_400' title='bbox 992 4341 1041 4389; x_wconf 69' lang='lat' dir='ltr'>grin</span> <span class='ocrx_word' id='word_1_401' title='bbox 1058 4322 1172 4388; x_wconf 82' lang='lat' dir='ltr'>suisset?</span> <span class='ocrx_word' id='word_1_402' title='bbox 1203 4322 1270 4371; x_wconf 86' lang='lat' dir='ltr'>Hine</span> <span class='ocrx_word' id='word_1_403' title='bbox 1294 4323 1421 4372; x_wconf 89' lang='lat' dir='ltr'>Bentleius</span> <span class='ocrx_word' id='word_1_404' title='bbox 1442 4322 1539 4373; x_wconf 84' lang='lat' dir='ltr'>effecit:</span> 
     </span>
     <span class='ocr_line' id='line_1_44' title="bbox 409 4403 1540 4468; baseline 0.001 -16"><span class='ocrx_word' id='word_1_405' title='bbox 409 4405 541 4466; x_wconf 85' lang='lat' dir='ltr'>potentiam</span> <span class='ocrx_word' id='word_1_406' title='bbox 558 4412 582 4453; x_wconf 92' lang='lat' dir='ltr'>et</span> <span class='ocrx_word' id='word_1_407' title='bbox 603 4419 660 4468; x_wconf 85' lang='lat' dir='ltr'>opes</span> <span class='ocrx_word' id='word_1_408' title='bbox 682 4403 798 4460; x_wconf 86' lang='lat' dir='ltr'>habebat,</span> <span class='ocrx_word' id='word_1_409' title='bbox 819 4417 908 4465; x_wconf 83' lang='lat' dir='ltr'>eorpus</span> <span class='ocrx_word' id='word_1_410' title='bbox 929 4410 953 4451; x_wconf 92' lang='lat' dir='ltr'>et</span> <span class='ocrx_word' id='word_1_411' title='bbox 996 4403 1151 4463; x_wconf 82' lang='lat' dir='ltr'>Qunntane?</span> <span class='ocrx_word' id='word_1_412' title='bbox 1167 4419 1228 4451; x_wconf 83' lang='lat' dir='ltr'>num</span> <span class='ocrx_word' id='word_1_413' title='bbox 1245 4409 1358 4461; x_wconf 83' lang='lat' dir='ltr'>tantum,</span> <span class='ocrx_word' id='word_1_414' title='bbox 1373 4405 1482 4468; x_wconf 77' lang='lat' dir='ltr'>sufflans</span> <span class='ocrx_word' id='word_1_415' title='bbox 1498 4421 1540 4465; x_wconf 87' lang='lat' dir='ltr'>se,</span> 
     </span>
     <span class='ocr_line' id='line_1_45' title="bbox 409 4481 1539 4546; baseline 0.004 -17"><span class='ocrx_word' id='word_1_416' title='bbox 409 4497 486 4531; x_wconf 82' lang='lat' dir='ltr'>arma.</span> <span class='ocrx_word' id='word_1_417' title='bbox 519 4482 628 4531; x_wconf 81' lang='lat' dir='ltr'>Derides</span> <span class='ocrx_word' id='word_1_418' title='bbox 649 4483 671 4531; x_wconf 85' lang='grc' dir='ltr'>Ι.</span> <span class='ocrx_word' id='word_1_419' title='bbox 693 4482 791 4544; x_wconf 81' lang='lat' dir='ltr'>Regum</span> <span class='ocrx_word' id='word_1_420' title='bbox 816 4483 853 4534; x_wconf 91' lang='lat'>17.</span> <span class='ocrx_word' id='word_1_421' title='bbox 871 4497 952 4538; x_wconf 80' lang='lat' dir='ltr'>arma,</span> <span class='ocrx_word' id='word_1_422' title='bbox 993 4482 1204 4546; x_wconf 68' lang='lat' dir='ltr'>nrngnasnisset?</span> <span class='ocrx_word' id='word_1_423' title='bbox 1223 4481 1448 4546; x_wconf 72' lang='lat' dir='ltr'>tiam-pemmo.</span> <span class='ocrx_word' id='word_1_424' title='bbox 1463 4486 1539 4534; x_wconf 85' lang='lat' dir='ltr'>Num</span> 
     </span>
     <span class='ocr_line' id='line_1_46' title="bbox 409 4561 1539 4624; baseline 0.004 -16"><span class='ocrx_word' id='word_1_425' title='bbox 409 4561 456 4624; x_wconf 83' lang='lat' dir='ltr'>ipsi</span> <span class='ocrx_word' id='word_1_426' title='bbox 473 4578 488 4610; x_wconf 81' lang='lat' dir='ltr'>a</span> <span class='ocrx_word' id='word_1_427' title='bbox 500 4562 577 4612; x_wconf 84' lang='lat' dir='ltr'>Saulo</span> <span class='ocrx_word' id='word_1_428' title='bbox 587 4564 652 4618; x_wconf 80' lang='lat' dir='ltr'>dats,</span> <span class='ocrx_word' id='word_1_429' title='bbox 664 4562 801 4621; x_wconf 79' lang='lat' dir='ltr'>remeabat,</span> <span class='ocrx_word' id='word_1_430' title='bbox 813 4563 872 4624; x_wconf 82' lang='lat' dir='ltr'>quis</span> <span class='ocrx_word' id='word_1_431' title='bbox 883 4569 953 4609; x_wconf 84' lang='lat' dir='ltr'>erant</span> <span class='ocrx_word' id='word_1_432' title='bbox 972 4600 974 4618; x_wconf 62' lang='lat'>,</span> <span class='ocrx_word' id='word_1_433' title='bbox 992 4565 1108 4614; x_wconf 70' lang='lat' dir='ltr'>tantum?</span> <span class='ocrx_word' id='word_1_434' title='bbox 1136 4563 1249 4624; x_wconf 87' lang='lat' dir='ltr'>Longam</span> <span class='ocrx_word' id='word_1_435' title='bbox 1266 4563 1449 4612; x_wconf 78' lang='lat' dir='ltr'>annotationem</span> <span class='ocrx_word' id='word_1_436' title='bbox 1461 4563 1498 4612; x_wconf 87' lang='lat' dir='ltr'>ita</span> <span class='ocrx_word' id='word_1_437' title='bbox 1509 4564 1539 4612; x_wconf 86' lang='lat' dir='ltr'>ii-</span> 
     </span>
    </p>
   </div>
   <div class='ocr_carea' id='block_1_4' title="bbox 0 0 1792 5634">
    <p class='ocr_par' dir='ltr' id='par_1_10' title="bbox 0 0 1792 5634">
     <span class='ocr_line' id='line_1_47' title="bbox 0 0 1792 5634; baseline 0 0"><span class='ocrx_word' id='word_1_438' title='bbox 0 0 1792 5634; x_wconf 95' lang='lat' dir='ltr'> </span> 
     </span>
    </p>
   </div>
  </div>
 </body>
</html>
