3542 5634
820 556 1169 624 SATlllAllUM

833 782 1052 848 SATIRA
1098 781 1156 844 VI.

511 961 597 1041 Non
622 956 716 1042 quia,
739 953 929 1032 Maecenas,
953 949 1118 1032 Lydorum
1143 946 1302 1033 quidquid
1327 946 1482 1010 Etruscos

468 1061 612 1127 incoluit
631 1060 731 1141 fines,
757 1077 853 1122 nemo
876 1051 1064 1139 generosior
1087 1056 1138 1116 est
1160 1057 1208 1132 te,

466 1165 534 1229 Nec
557 1163 644 1250 quod
667 1183 748 1227 evus
772 1158 835 1224 tibi
857 1161 1026 1246 maternus
1049 1153 1115 1219 iuit
1138 1158 1237 1238 atque
1259 1159 1432 1239 paternus,

468 1267 558 1334 Olim
581 1267 638 1353 qui
661 1263 791 1349 magnis
815 1261 1005 1347 regionibus
1030 1257 1274 1344 imperitarent,

468 1370 517 1436 Ut
538 1371 686 1456 plerique
708 1369 833 1450 solent,
859 1387 939 1431 naso
964 1362 1139 1449 suspendis
1163 1363 1290 1428 adunco

467 1473 620 1558 Ignotos,
644 1479 682 1538 ut
706 1494 759 1536 me
783 1470 938 1536 libertino
959 1474 1052 1554 patre
1076 1473 1200 1532 natum.

471 1574 581 1654 Quum
604 1576 721 1641 referre
742 1595 862 1658 negas,
887 1570 978 1656 quali
1003 1569 1048 1634 sit
1071 1569 1207 1654 quisque
1230 1573 1364 1654 percute

468 1677 592 1762 Natus,
619 1679 698 1744 dum
721 1678 905 1762 ingenuus,
930 1673 1106 1760 persuades
1130 1673 1191 1737 hoc
1215 1671 1277 1736 tibi
1301 1691 1392 1752 vere,

466 1781 555 1846 Ante
577 1787 775 1868 potestatem
798 1778 885 1845 Tulli
909 1782 1007 1862 atque
1030 1775 1176 1861 ignobile
1196 1796 1335 1859 reguum

594 1973 731 2023 SATIRA
748 1973 789 2021 V,
1010 1940 1095 1998 credo,
1118 1938 1254 1987 sufficiebat
1276 1939 1307 1986 ad
1329 1937 1511 1986 enuntiandum
1534 1935 1561 1983 il-

792 2010 796 2019 ’
1011 2018 1067 2067 lud:
1084 2018 1153 2066 Ante
1170 2018 1288 2076 Tullum,
1304 2032 1389 2081 regem
1404 2016 1510 2080 ignobili
1522 2031 1562 2079 gc·

458 2069 541 2158 Olim
563 2105 608 2167 qui
627 2105 726 2165 mappis
742 2102 877 2165 tepiouibus
894 2100 969 2161 impe·
1010 2111 1077 2146 nere.
1112 2096 1162 2146 Sed
1183 2099 1289 2160 ipnobile
1309 2113 1412 2161 suppum
1437 2097 1511 2144 Tulli
1531 2097 1561 2142 si·

419 2187 538 2234 ritareut.
573 2184 605 2232 In
621 2182 705 2245 paucis
722 2179 798 2230 MSS.
816 2178 970 2241 ropionibus,
1011 2175 1125 2240 gnificat,
1136 2189 1189 2224 rem
1203 2176 1343 2226 Romanam
1351 2174 1428 2224 Tullo
1441 2182 1562 2237 regnante

378 2314 380 2318 Α
419 2263 485 2326 quod
507 2261 622 2310 nonnulli
638 2275 734 2325 quoque
751 2261 897 2320 interpretes
914 2270 970 2304 oon-
1011 2271 1057 2306 neo
1073 2254 1196 2314 floruisse,
1214 2269 1293 2317 neque
1309 2254 1361 2302 ulls
1377 2269 1461 2304 rerum
1479 2269 1562 2317 urege

419 2342 534 2390 iecerunt.
562 2340 611 2390 Sed
637 2340 785 2402 imperitare
810 2335 890 2397 magis
915 2348 970 2396 pro·
1012 2336 1052 2384 vel
1068 2335 1158 2399 populo
1176 2343 1302 2398 gestarum
1323 2335 1402 2392 famu,
1423 2349 1505 2397 neque
1525 2335 1562 2382 in·

420 2418 503 2482 prium
519 2419 664 2481 bpbnibm,
680 2416 971 2480 iisquc,uterercitibns
1012 2417 1155 2466 stitntorum
1171 2416 1245 2466 laude
1262 2416 1337 2465 fuisse
1354 2415 1484 2464 illustrem.
1518 2416 1560 2464 Li·

419 2501 560 2559 imperare,
582 2503 708 2560 tamquam
729 2495 860 2558 proverbio
881 2492 971 2541 dicitur
1011 2498 1066 2546 vius
1083 2502 1167 2544 sutem
1183 2502 1269 2544 narrat
1285 2495 1307 2544 I.
1321 2497 1360 2544 31.
1373 2496 1476 2544 deuictis
1489 2495 1561 2543 Saos-

423 2578 454 2625 de
470 2575 563 2638 insigni
580 2576 673 2623 honore
689 2580 852 2639 etpotestete.
877 2573 971 2622 Seneca
1011 2578 1053 2626 uis
1069 2577 1097 2623 in
1114 2590 1206 2638 nrapna
1221 2575 1302 2637 pieria
1319 2574 1562 2636 mappisqueopitru

420 2657 501 2718 Epist.
512 2656 554 2704 86.
568 2657 681 2703 animum
692 2655 791 2716 quidem
801 2655 856 2702 eius
867 2651 970 2714 (Scipio
1011 2669 1113 2716 reqnum
1136 2654 1207 2702 Tulli
1226 2659 1342 2703 ettotam
1354 2670 1406 2702 rem
1418 2654 1562 2702 Romanam

400 2735 468 2797 *nisi
486 2738 515 2783 iu
530 2736 637 2790 culum,
658 2749 690 2782 ae
711 2747 758 2795 quo
779 2736 848 2789 erat,
869 2731 972 2778 rediisse
1005 2733 1098 2794 fuisse.
1116 2733 1233 2794 Regnum
1244 2734 1305 2780 adeo
1314 2740 1366 2782 eret
1376 2734 1463 2789 nobile,
1475 2748 1561 2796 quum·

417 2815 558 2876 persuadeo
569 2813 646 2871 acilii,
657 2827 707 2861 uon
718 2811 779 2873 quia
790 2823 891 2872 usupuos
902 2823 970 2858 erer-
1011 2826 1086 2874 quem
1107 2811 1198 2860 Tullus
1215 2813 1343 2871 tonoottu,
1366 2818 1393 2859 ut
1410 2827 1434 2860 v.
1454 2825 1474 2860 e.
1503 2811 1560 2863 sos-

420 2894 487 2942 eitus
516 2892 604 2949 stanit,
628 2893 672 2940 isos
695 2891 761 2940 enim
785 2893 810 2937 et
838 2887 972 2950 Cambyses
1011 2889 1097 2938 thenes
1114 2890 1156 2938 ille
1172 2891 1238 2953 upud
1254 2890 1343 2939 lustin.
1361 2890 1464 2940 XXIV.
1476 2891 1500 2939 6.
1518 2896 1563 2954 qui

413 2971 533 3032 furiosas
550 2984 580 3018 ae
590 2969 685 3033 surore
694 2968 808 3032 feliciter
829 2980 902 3024 usus,
925 2969 969 3014 ltu·
1011 2972 1040 3017 ob
1062 2970 1168 3016 virtutis
1190 2969 1305 3031 berteficia
1328 2969 1562 3017 multis'aotilibus

419 3051 490 3108 buit3
516 3051 560 3098 sed
584 3050 613 3098 ob
633 3049 756 3111 eprepiam
777 3048 971 3096 puderetionem
1012 3065 1115 3111 repnum
1128 3050 1292 3098 Macedoniae
1303 3048 1483 3111 affectantibus
1495 3052 1562 3110 spuo-

417 3130 594 3191 pietatemque.
628 3128 720 3186 Erant,
741 3133 769 3174 ut
789 3133 889 3183 notum,
911 3124 970 3171 duo·
1011 3129 1069 3176 bilis
1094 3129 1148 3188 ipse
1171 3129 1346 3189 praeponitur.
1379 3129 1455 3176 Hsud
1480 3130 1562 3192 magis

420 3207 499 3256 decim
516 3207 689 3267 Lucumones,
706 3219 778 3267 reges
790 3204 921 3252 duodecim
934 3217 970 3252 re·
1011 3206 1131 3254 Latinum
1149 3206 1246 3254 videtur
1263 3221 1366 3267 septam
1382 3208 1488 3268 ipnotile
1502 3208 1562 3254 Tul·

419 3285 530 3346 gionum.
565 3285 638 3334 Unus
650 3286 763 3334 Lucumo
773 3289 889 3346 praeerat
899 3295 969 3344 pree·
1011 3288 1043 3341 u,
1069 3299 1145 3347 quam
1165 3284 1186 3332 si
1204 3299 1227 3333 v,
1245 3299 1266 3332 c.
1288 3285 1380 3334 diceres
1405 3285 1562 3335 Consulatus

422 3363 508 3412 sertim
533 3364 559 3412 in
585 3364 662 3423 bello;
687 3372 748 3412 tunc
772 3363 838 3410 enim
862 3366 970 3424 potestas
1010 3366 1127 3426 tpnobilis
1155 3366 1236 3412 Tullii
1265 3365 1400 3413 Ciceronis.
1437 3363 1561 3416 Coniicio:

418 3442 487 3490 illius
509 3444 590 3506 magis
615 3442 817 3507 conspiciebatur.
851 3441 971 3489 Praeerat
1012 3446 1080 3492 Ante
1094 3448 1245 3504 potestatem
1266 3444 1337 3491 Tulli
1354 3448 1429 3505 atque
1446 3444 1563 3506 ipnobdis

418 3525 518 3585 ruapnis
534 3525 681 3585 tepuaibus,
703 3520 839 3570 coniunctis
856 3519 970 3568 exerciti·
1012 3523 1085 3571 Auci.
1127 3522 1246 3570 Horatius
1275 3521 1379 3570 Tullum
1407 3527 1431 3570 et
1459 3523 1562 3572 Ancum

419 3601 479 3657 hus,
496 3615 557 3663 quos
575 3601 705 3649 duodecim
721 3602 830 3661 repimus
847 3598 914 3646 illius
925 3599 969 3646 irn-
1010 3601 1118 3665 exempli
1142 3617 1229 3650 caussa
1253 3603 1383 3665 coniungit
1404 3601 1488 3652 Carus.
1511 3604 1561 3654 IV.

418 3679 486 3740 perio
494 3679 686 3728 committebant.
704 3677 910 3727 Resdomestices
922 3677 970 3725 sin·
1011 3696 1057 3732 vrr
1079 3685 1117 3732 15.
1140 3697 1190 3746 quo
1211 3684 1279 3732 dices
1304 3683 1395 3730 Tuitus
1417 3688 1442 3731 et
1464 3685 1561 3733 Ancus.

419 3757 472 3819 guli
488 3757 644 3806 Lucumones
662 3756 790 3806 curabant.
825 3757 884 3815 Res,
902 3765 970 3820 puto,
1010 3761 1090 3825 Epist.
1117 3762 1138 3810 1.
1165 3776 1201 3809 vr.
1227 3763 1267 3813 27.
1302 3763 1389 3810 Numa
1414 3768 1438 3812 et
1464 3765 1561 3814 Auuss.

419 3835 470 3884 lere
491 3836 578 3884 similis
600 3843 710 3894 nostrae,
736 3851 814 3899 quum
840 3836 969 3900 Principes
1010 3839 1109 3889 Lucret.
1120 3841 1170 3889 111.
1189 3840 1261 3891 1038.
1290 3841 1399 3890 Lumina
1414 3844 1466 3891 suis
1482 3846 1564 3894 oculis

418 3916 551 3964 Arausisci
569 3915 622 3965 iure
635 3915 800 3966 haereditario
811 3929 897 3964 omnes
908 3917 969 3966 Pro
1010 3921 1086 3968 etiam
1102 3922 1179 3968 bonus
1197 3921 1278 3970 Aaou·
1290 3923 1401 3983 reliquit.
1419 3923 1498 3972 Poeta
1509 3924 1562 3986 ipse

419 3996 514 4045 vincius
531 3996 763 4060 complectebantur.
1009 3997 1123 4047 libertino
1140 4005 1311 4061 patremus,
1329 4000 1428 4050 amabat
1444 4001 1506 4050 telos
1523 4017 1561 4051 rs·

451 4079 520 4126 Ante
539 4082 690 4139 potestatem
718 4076 790 4123 Tulli
810 4081 886 4138 atque
903 4078 970 4138 ipro·
1011 4092 1066 4140 ges,
1084 4078 1160 4126 nullis
1177 4079 1311 4127 maioribus
1323 4085 1397 4128 ortos.
1425 4081 1507 4130 Erunt
1517 4097 1561 4130 au·

417 4158 464 4204 bile
486 4172 596 4218 repnum.
633 4158 751 4203 Potestas
768 4161 793 4202 et
809 4170 912 4217 repnum
929 4155 970 4203 hic
1010 4164 1060 4206 tem
1078 4165 1102 4206 et
1119 4157 1345 4208 TullusetAncus
1354 4160 1478 4221 ipuobiles.
1506 4163 1563 4210 An·

420 4249 469 4283 non
485 4233 611 4283 differunt.
645 4233 733 4283 Fuerit
750 4233 841 4282 Tullus
858 4240 883 4282 et
903 4235 970 4296 apud
1009 4249 1053 4284 cus
1076 4237 1152 4300 vulgo
1177 4239 1320 4287 nominatur
1345 4253 1420 4300 nepos
1445 4241 1562 4300 Numae,

416 4329 501 4375 regem
523 4321 548 4362 et
568 4320 649 4377 patres
672 4321 696 4362 et
717 4312 813 4375 plebem
835 4313 861 4361 in
877 4327 970 4375 magno
1009 4322 1078 4376 pater
1095 4324 1148 4364 erat
1166 4320 1262 4374 uutlru,
1280 4317 1371 4366 Tullus
1390 4319 1496 4369 habebat
1507 4337 1561 4370 ms·

417 4394 522 4450 honore,
544 4400 693 4456 potestatem
717 4401 774 4441 ante
794 4410 897 4456 repuum
919 4409 969 4442 non
1009 4400 1072 4442 trem
1089 4410 1194 4444 susam.
1217 4394 1290 4445 Conr'.
1302 4397 1398 4446 Duker.
1411 4399 1561 4450 adFlorurn

417 4469 510 4518 habuit.
545 4469 732 4520 commentator
754 4476 906 4532 potestatem
931 4471 966 4518 in·
1009 4487 1032 4534 p.
1050 4473 1089 4520 45.
1107 4481 1132 4522 ct
1147 4473 1190 4522 55.
1222 4475 1345 4524 Arntzcn.
1362 4478 1393 4526 ad
1412 4478 1561 4528 Aurel.Vi-

417 4555 565 4610 terpretatur
581 4565 692 4612 repuum.
729 4547 846 4596 Alterum
867 4557 966 4610 utrum,
1008 4559 1067 4600 etor.
1085 4569 1108 4616 p.
1126 4555 1165 4604 71.
1201 4551 1287 4602 Cicero
1308 4556 1338 4603 dc
1361 4557 1421 4619 Rep.
1444 4558 1479 4605 sit
1496 4559 1561 4608 duos
