3542 5634
664 539 689 602 Ι.
737 559 866 604 snmus
889 561 945 616 1x‚
970 562 1004 606 x.
1334 547 1395 611 185

265 722 327 772 Tale
343 722 403 786 quid
419 722 446 770 in
471 722 590 787 Esquiliis
607 723 662 772 fieri
679 739 728 772 nou
744 733 847 787 poterat.
881 727 953 789 Ager
968 727 1028 776 olim
1044 727 1143 777 albebat
1159 729 1263 778 ossibus.
1289 731 1356 779 Loco
1373 731 1399 778 in

264 802 348 852 hortos
373 809 469 852 mutato
493 819 549 854 ossa
571 812 642 853 erant
664 806 767 868 sepulta.
801 808 828 858 Si
854 807 960 858 Canidia
976 816 1001 858 et
1018 808 1119 872 Sagana
1135 811 1220 874 legere
1236 809 1341 867 vellent,
1365 823 1398 857 ex

264 897 324 944 rogo
341 883 425 946 legere
441 899 492 932 non
508 892 631 947 poterant,
649 887 692 934 sed
709 901 741 936 ex
758 894 825 936 terra
842 903 930 938 cruere
945 889 1073 938 debebant.

312 962 343 1010 P.
360 963 399 1014 70.
454 965 570 1021 Tumuli,
594 979 688 1028 magna
711 967 832 1029 sepulcra.
857 968 947 1016 Livius
968 968 1100 1017 XXXVI.
1122 969 1147 1016 8.
1177 970 1302 1018 Tumulus
1317 975 1356 1016 cst
1371 971 1399 1015 ia

264 1057 341 1090 uuum
358 1044 465 1101 osaias,
482 1059 546 1105 puae
559 1046 656 1106 passim
672 1051 759 1094 strata
774 1051 866 1108 aaut,
883 1049 1035 1097 coacervatis
1044 1047 1144 1110 sactus.

698 1237 730 1279 l.
764 1227 901 1278 SATIRA
921 1227 969 1276 IX.

312 1366 342 1414 P.
359 1368 398 1418 72.
434 1370 524 1416 Pluris
561 1371 628 1427 Hoc,
645 1371 760 1432 inquam,
788 1372 857 1418 haud
873 1372 936 1419 mihi
951 1359 1010 1420 eris.
1044 1371 1088 1419 Ad
1109 1371 1274 1422 coniecturam
1294 1372 1396 1420 firman-

262 1445 320 1492 dum
338 1446 396 1494 facit
412 1449 538 1496 annotatio
554 1449 734 1512 Porphyrionis
751 1452 782 1498 ad
800 1465 836 1499 vs.
853 1451 893 1499 22.
918 1453 948 1500 si
968 1455 1027 1500 boue
1050 1468 1089 1500 me
1104 1467 1168 1500 uoou
1197 1452 1348 1516 „Eleganter
1364 1454 1398 1500 ait

261 1537 319 1570 curn
337 1525 374 1572 his
391 1525 463 1574 rebus
479 1525 525 1574 sibi
542 1527 651 1589 placere,
668 1542 731 1590 quae
748 1529 780 1576 ad
797 1529 933 1577 doctrinam
949 1530 1217 1610 nonattincnt.1dco
1232 1530 1397 1579 ostenditim·

262 1603 370 1663 peritum
388 1606 446 1652 satis
464 1612 488 1653 et
504 1607 674 1668 importunum
691 1608 817 1656 hominem
834 1608 960 1658 suissct‘

310 1682 340 1730 P.
357 1685 397 1734 74.
432 1687 579 1735 Paucorum
596 1689 722 1736 hominum
739 1695 764 1737 et
780 1691 870 1737 mentis
891 1692 949 1738 heae
972 1704 1055 1737 saraae.
1090 1689 1142 1737 Est
1160 1703 1301 1751 paramum
1322 1690 1397 1738 hami-

261 1777 322 1810 nam
343 1763 468 1824 significat
484 1771 521 1813 est
538 1781 604 1814 unus
627 1781 767 1829 paucorum
790 1769 929 1826 hominnm,
949 1767 1016 1815 unde
1037 1766 1100 1816 aliae
1116 1766 1309 1829 significationes
1326 1769 1397 1819 facile

261 1841 393 1890 ducuntur.
418 1844 533 1892 Donatus
550 1845 582 1892 ad
599 1845 699 1894 Terent.
732 1845 953 1894 Eunuch.HI.1.
973 1846 1011 1894 18.
1042 1847 1100 1894 Imo
1119 1847 1156 1894 sic
1172 1848 1242 1895 homo
1255 1855 1299 1898 est.
1333 1851 1397 1898 Per-

257 1935 398 1984 paucorum
413 1925 547 1972 homiuum.
580 1923 652 1981 „Aut
668 1924 712 1987 qui
728 1925 813 1987 paucis
836 1925 922 1983 utitur,
949 1930 993 1972 aut
1012 1923 1056 1987 qui
1071 1923 1103 1972 de
1118 1923 1202 1986 paucis
1224 1932 1273 1982 est,
1295 1934 1339 1975 aut
1355 1929 1398 1990 qui

260 2003 345 2065 paucis
362 2002 456 2066 placet,
481 2004 527 2052 hoc
543 2010 588 2062 est,
604 2003 674 2052 bouis
691 2011 716 2053 et
735 2004 903 2067 sapientibus,
928 2004 970 2066 qui
987 2003 1039 2051 fere
1056 2003 1128 2066 pauiu·
1144 2008 1226 2050 sunt.“
1258 2005 1301 2052 Ex
1317 2007 1398 2069 prima

261 2085 307 2132 illa
323 2085 501 2148 significatione
517 2085 688 2145 efficiendum,
704 2087 763 2149 quid
779 2086 904 2134 sententia
921 2085 969 2133 loci
984 2085 1104 2147 requirat.
1123 2084 1255 2133 Maecenas
1266 2092 1303 2133 cst
1315 2086 1397 2145 homo,

260 2163 345 2226 quales
361 2167 433 2228 pauci
449 2165 617 2224 inveniuntur,
634 2167 723 2214 mentis
739 2167 885 2229 praesertim
901 2165 1055 2214 herasme
1074 2163 1220 2212 Gonitivum
1232 2164 1309 2213 istum
1322 2165 1397 2214 multi
1419 2215 1424 2224 ,

261 2245 462 2306 explicaverunt,
487 2245 528 2294 rel
555 2246 586 2293 ad
609 2246 690 2308 ipsum
712 2247 801 2295 Horat.
828 2243 912 2294 Carm.
929 2245 981 2294 111.
1003 2257 1063 2292 1111.
1082 2243 1121 2292 13,
1155 2245 1214 2293 Fies
1228 2247 1351 2294 notitiam
1366 2252 1397 2294 tu

260 2335 354 2385 quoque
363 2325 485 2387 santium.
510 2325 598 2374 Livius
614 2325 761 2388 frequentat,
778 2341 802 2373 v.
820 2339 842 2374 c.
860 2324 947 2374 XLV.
966 2324 1004 2374 18.
1022 2325 1121 2373 Eorum
1143 2325 1271 2372 homiuum
1287 2324 1396 2374 Attalus

259 2409 327 2460 erat,
343 2405 401 2465 qui,
418 2409 541 2466 quantum
556 2417 612 2465 spes
626 2405 810 2466 spopondisset,
828 2409 955 2466 cuperent
990 2403 1041 2453 Sed
1057 2403 1181 2467 quando
1173 2418 1201 2451 m
1217 2404 1304 2453 codem
1321 2405 1395 2468 scrip-

260 2488 313 2531 tore
329 2482 420 2531 XXII.
437 2483 477 2531 to.
494 2482 598 2544 legitur:
617 2485 651 2530 ad
669 2481 773 2530 Cannas
782 2482 926 2546 sapientem
944 2482 1305 2546 Consulemotcseptuapmta
1316 2487 1397 2534 secute

259 2568 332 2610 suut:
358 2565 464 2611 alteritas
488 2559 618 2610 morantis
632 2577 712 2624 prope
728 2567 795 2609 totus
815 2563 943 2610 exercitus
954 2561 1027 2624 suit,
1049 2576 1079 2609 ca
1100 2574 1151 2610 nou
1171 2568 1237 2609 recte
1257 2575 1283 2608 sc
1304 2562 1397 2610 habent

260 2647 284 2689 et
312 2641 468 2689 scribendum
493 2641 603 2691 videtur:
629 2643 735 2690 alterius
758 2642 887 2689 remotis
907 2655 986 2702 prope
1007 2648 1077 2690 totus
1096 2644 1176 2690 soritas
1192 2642 1318 2690 caecitas
1328 2641 1395 2704 suit.

155 2709 160 2718 ⁸
259 2720 361 2769 Excidit
376 2723 458 2770 sorim
473 2727 573 2784 propter
589 2719 773 2769 similitudinem
789 2719 930 2768 litterarum
947 2720 974 2767 in
991 2726 1065 2770 totus.
1087 2720 1224 2783 Eleganter
1234 2719 1260 2767 in
1277 2734 1307 2768 ea
1317 2735 1344 2770 re
1359 2736 1395 2771 so·

259 2803 312 2850 aas
327 2801 438 2864 ponitur,
456 2806 485 2848 ut
501 2801 567 2863 apud
584 2801 668 2862 poitas
685 2800 765 2848 socius
782 2805 884 2858 mortis,
902 2802 961 2858 leti,
976 2806 1001 2848 et
1017 2815 1103 2850 mmet.
1136 2800 1204 2848 Nota
1225 2806 1279 2847 erat
1298 2799 1396 2862 Diphili
1447 2801 1454 2822 l

259 2880 343 2929 fabula
366 2878 637 2938 Συναποθνῄσκοντες,
659 2891 734 2940 quam
760 2877 866 2925 Plautus
888 2877 947 2925 fecit
971 2881 1169 2938 commorientes,
1198 2879 1285 2927 mortis
1309 2881 1394 2928 socios.

258 2959 329 3008 Idem
346 2957 436 3006 Livius
452 2958 479 3004 iu
497 2955 604 3005 formula
624 2957 715 3004 neentis
731 2969 809 3004 sanae
825 2957 993 3004 emendandus
1010 2965 1048 3006 est
1058 2958 1143 3007 XLV.
1164 2959 1201 3006 1⁰.
1221 2959 1330 3020 Culpam
1346 2976 1394 3009 nou

254 3053 332 3100 peaes
345 3039 482 3099 papulam,
498 3037 541 3083 sed
554 3047 632 3096 peaes
646 3047 741 3095 paucas
758 3035 894 3082 scrutares
910 3035 980 3096 vulpi
995 3050 1062 3093 esse,
1078 3037 1159 3083 dicit:
1176 3050 1216 3084 eos
1226 3037 1336 3086 veuakm
1348 3041 1394 3087 iia·

256 3133 333 3180 pisam
350 3117 466 3162 hahentes
482 3115 582 3162 decreta
596 3114 676 3174 plcua'
689 3113 774 3174 reatae
789 3113 966 3160 ostentationis
977 3112 1082 3175 secisse,
1099 3120 1126 3162 et
1142 3128 1185 3162 eas
1202 3116 1335 3177 lepatiow
1349 3118 1394 3164 mi·

257 3196 330 3252 susc,
355 3207 465 3254 quarum
486 3193 599 3242 Rhodios
620 3205 717 3253 semper
733 3205 783 3240 aon
809 3191 891 3239 miuus
905 3192 1024 3252 puderet,
1050 3208 1126 3254 qaam
1139 3195 1286 3256 pamitmt
1323 3195 1395 3253 Quae

255 3273 353 3329 amaia,
378 3275 401 3320 ri
426 3277 509 3321 tamen
531 3273 623 3334 popula
638 3271 725 3336 foret,
749 3272 778 3319 iu
798 3272 885 3332 capua
901 3271 1033 3320 nemorum
1054 3287 1167 3321 versura.
1200 3274 1253 3322 Pro
1269 3274 1293 3321 si
1310 3278 1393 3322 tamea

256 3351 278 3400 Ι.
295 3352 325 3400 F.
344 3350 454 3401 Gronov.
470 3351 545 3414 legit,
561 3354 585 3400 si
600 3353 624 3400 is
640 3353 753 3410 animus,
774 3349 796 3398 1.
814 3349 925 3400 Gronov.
941 3356 967 3398 ot
983 3350 1099 3399 Pcriaon.
1114 3353 1137 3400 si
1152 3367 1183 3400 ea
1198 3367 1274 3401 mens.
1295 3351 1394 3400 Verum

256 3436 328 3493 puto:
351 3432 374 3479 si
390 3445 454 3479 sana
470 3445 539 3479 mm
553 3432 647 3493 populo
658 3431 738 3492 foret.
772 3429 858 3478 Livius
876 3427 982 3478 XXIII.
1004 3430 1028 3481 7.
1047 3431 1081 3478 D.
1099 3430 1216 3492 Nuptae,
1233 3431 1281 3488 atr,
1303 3433 1344 3480 cui
1360 3435 1395 3480 od

255 3525 380 3558 samonam
396 3511 575 3559 auctoritatem
591 3511 656 3558 nihil
671 3515 774 3572 praeter
790 3523 880 3558 sanam
896 3510 989 3558 cioium
1004 3515 1110 3558 mentem
1120 3509 1211 3570 dosuit.
1229 3509 1391 3568 Manacarta,

257 3596 285 3637 ut
301 3593 439 3655 σωφρονεῖν
455 3603 527 3653 saepe
548 3590 575 3638 in
595 3589 669 3638 rebus
694 3589 811 3638 civilibus
833 3590 865 3637 ad
887 3589 1045 3652 prudentiam
1066 3596 1092 3638 ot
1107 3589 1263 3638 concordiam
1279 3587 1392 3637 refertur.

256 3667 327 3718 Cous.
343 3669 489 3732 interpretes
511 3669 543 3716 ad
562 3669 664 3732 Nepotis
681 3669 778 3731 Agesil.
796 3668 830 3718 V.
851 3670 900 3718 illa
915 3671 1092 3729 multitudiue,
1108 3671 1133 3719 ci
1148 3684 1211 3719 sana
1227 3684 1296 3719 saeua
1318 3674 1393 3727 esset,

259 3749 386 3798 Graeciae
401 3750 557 3812 supplicium
576 3752 670 3798 Persas
686 3751 748 3798 dare
761 3750 878 3813 potuisse.

695 3915 728 3955 1.
764 3904 904 3956 SATIRA
927 3907 961 3954 x.

303 4051 333 4099 P.
350 4051 390 4102 76.
424 4049 487 4100 Octo
509 4064 595 4098 versus
618 4050 722 4099 Horatio
746 4064 843 4113 quoque
869 4049 991 4097 abiudicat
1012 4047 1043 4098 0.
1059 4050 1089 4098 F.
1107 4049 1233 4111 Gruppius
1250 4050 1277 4096 in
1293 4049 1392 4112 Mincii,

254 4146 277 4192 p.
295 4131 351 4179 240.
385 4131 461 4179 Hunc
477 4145 523 4193 ego
539 4130 631 4178 librum
648 4144 716 4178 nuno
736 4129 844 4191 primum
860 4129 920 4176 vidi.
954 4128 1051 4190 latgeno
1068 4129 1150 4176 adhuc
1166 4127 1228 4176 nihil
1245 4127 1329 4190 potui,
1345 4119 1391 4174 nisi

254 4223 317 4272 quae
334 4211 365 4257 ad
384 4209 478 4259 Satires
496 4209 655 4271 pertinerent.
680 4207 743 4256 Alia
759 4213 857 4256 tantum
874 4208 915 4255 hic
930 4207 981 4256 illic
996 4207 1100 4269 inspexi.
1117 4207 1160 4256 Ad
1181 4207 1283 4254 laudem
1299 4205 1391 4254 Minois

254 4302 293 4336 mc
319 4287 412 4352 aliquid
434 4290 515 4337 dicere
541 4289 651 4336 omnium
672 4287 774 4336 minime
791 4289 866 4336 decet.
901 4287 1045 4348 optandum
1062 4291 1145 4333 tamen
1162 4286 1260 4333 videtur
1276 4285 1341 4342 fore,
1363 4290 1392 4331 ut

253 4369 363 4432 collegae
379 4369 484 4425 Minois,
501 4368 601 4416 Aeacus
621 4374 645 4415 et
661 4368 863 4426 Rhadamantus‚
885 4365 971 4429 paullo
995 4365 1078 4412 minus
1094 4365 1174 4413 severi
1201 4363 1258 4412 sint.
1291 4365 1393 4412 Interea
1430 4381 1439 4396 0

253 4454 277 4496 et
294 4447 341 4495 hoc
363 4448 414 4496 vidi
443 4448 584 4511 Gruppium
606 4441 728 4509 Georgica
744 4445 887 4509 Virgiliaua
904 4444 952 4494 IV.
969 4445 1026 4496 287.
1043 4459 1080 4507 sq.
1102 4444 1189 4492 iisdem
1206 4442 1317 4491 versibus
1333 4458 1391 4505 spu-

253 4528 296 4576 riis
318 4527 448 4587 liberasse,
473 4528 562 4591 quibus
587 4542 634 4590 ego
658 4533 742 4590 postea
766 4524 870 4574 liberavi
895 4525 921 4572 in
942 4525 1107 4587 Mnemosyne
1128 4522 1389 4572 IsidensiV01.111.

1256 4741 1311 4754 Μ
1316 4739 1392 4753 *dauv-
