3542 5634
650 488 830 551 LIBER
875 489 918 551 ΙΙ.

260 673 391 740 Grande
414 674 539 738 malum
562 675 696 758 Turius,
722 675 850 760 siquid
874 697 909 740 se
932 675 1039 740 iudice
1061 681 1172 742 certes.

260 779 325 862 Ut,
350 799 414 862 quo
437 777 575 862 quisque
597 778 703 860 valet,
729 785 897 862 suspectos
921 783 1057 861 terreat,
1081 784 1183 864 utque

260 882 404 966 Imperet
426 882 487 945 hoc
511 887 628 946 natura
650 887 785 966 potens,
810 883 856 948 sic
880 882 999 967 collige
1021 904 1165 948 mecum:

260 984 368 1049 Dente
390 984 508 1067 lupus,
533 1005 633 1048 cornu
656 989 768 1048 taurus
792 983 895 1069 petit,
921 985 1025 1067 unde,
1050 976 1116 1049 nisi
1139 984 1229 1050 intus

261 1088 505 1152 Monstratum?
552 1087 691 1153 Scaevae
713 1087 860 1153 vivacem
883 1088 977 1153 crede
1000 1087 1112 1172 nepoti

261 1190 417 1271 Matrem,
441 1189 490 1253 nil
513 1189 611 1254 faciet
634 1189 764 1256 sceleris
787 1191 843 1274 pia
864 1191 1013 1268 dextera3
1036 1191 1174 1273 mirum,

263 1292 312 1357 Ut
327 1314 432 1377 neque
449 1293 535 1358 calce
551 1293 649 1377 lupus
666 1315 880 1378 quemquam,
905 1315 1009 1378 neque
1025 1293 1122 1358 dente
1137 1294 1223 1378 petit
1237 1294 1311 1371 b0s3

262 1394 326 1460 Sed
348 1396 437 1460 mala
459 1396 554 1460 tollet
577 1417 677 1460 anum
700 1395 817 1460 vitiato
840 1396 939 1461 melle
961 1396 1076 1461 cicuta
1105 1463 1109 1470 ,

261 1497 311 1561 Ne
334 1498 471 1583 longum
493 1498 630 1563 faciam:
655 1520 713 1563 seu
735 1521 788 1564 me
811 1498 990 1583 tranquilla
1013 1503 1163 1564 senectus

264 1601 462 1685 Exspectat,
488 1623 545 1666 seu
567 1623 655 1666 mors
679 1601 759 1666 atris
784 1601 997 1667 circumvolat
1018 1602 1096 1680 alis3

263 1702 379 1783 Dives,
403 1701 517 1787 inops,
543 1703 682 1785 Romae,
707 1724 764 1768 seu
787 1703 854 1768 fors
877 1704 926 1768 ita
948 1703 1100 1786 iusserit,
1122 1706 1234 1788 exsul,

264 1803 419 1888 Quisquis
443 1805 505 1869 erit
525 1805 631 1887 vitae,
656 1805 812 1888 scribam,
837 1806 934 1870 color.
985 1805 1039 1889 „O
1061 1828 1159 1890 puer,
1182 1813 1221 1873 ut
1241 1810 1287 1874 sis

264 1907 402 1984 Vitalis,
427 1913 555 1991 metue,
582 1915 615 1974 et
637 1909 798 1974 maiorum
822 1909 960 1994 nequis
984 1909 1108 1974 amicus

265 2011 399 2095 Frigore
422 2016 455 2076 te
477 2011 607 2076 feriat.“
655 2011 788 2093 „Quidi
810 2034 913 2096 quum
936 2017 987 2076 est
1010 2011 1156 2076 Lucilius
1180 2035 1279 2078 ausus
1305 2077 1309 2095 ,

265 2115 395 2179 Primus
420 2114 454 2178 in
478 2101 565 2180 hunc
589 2114 694 2198 operis
719 2136 912 2199 componere
933 2114 1079 2178 carmina
1101 2136 1243 2196 morem,

264 2217 442 2282 Detrahere
465 2223 499 2282 et
520 2217 659 2302 pellem,
684 2216 809 2282 nitidus
833 2238 898 2301 qua
921 2215 1058 2300 quisque
1080 2238 1137 2300 per
1161 2238 1216 2281 ora

253 2337 337 2383 Dente
352 2337 436 2397 lupus.
458 2335 546 2398 Vulgo
557 2335 583 2382 in
595 2336 641 2383 hae
651 2349 679 2383 re
690 2342 762 2382 utun·
805 2334 878 2382 modo
883 2334 950 2381 hunc
957 2333 1098 2391 mortalem,
1103 2336 1176 2383 modo
1184 2335 1257 2382 illum
1263 2335 1356 2397 arripit.

219 2421 261 2462 tur
277 2412 390 2474 exemplo
411 2416 499 2472 leonis,
526 2421 554 2462 ut
578 2415 675 2463 Natura
699 2413 766 2462 dedit
805 2412 1243 2474 Hocnihilsignificatnisiomnibue
1252 2415 1355 2462 morien·

218 2491 305 2541 λέουσι
320 2490 397 2556 χάσμ’
414 2492 538 2555 ὀδόντων,
558 2500 582 2542 et
598 2491 691 2557 κέρατα
708 2493 766 2542 raai-
806 2495 866 2540 dam
882 2498 927 2540 est.
959 2491 1072 2540 Dixisset
1087 2492 1219 2541 Horatius:
1236 2507 1279 2540 seu
1296 2492 1355 2540 fiam

218 2588 283 2633 ροις.
317 2569 367 2620 Sed
388 2571 530 2634 exemplum
552 2575 606 2635 lapi
626 2571 767 2634 mugisse·
805 2570 1161 2627 senex,scumihimoricudum
1168 2570 1207 2618 sit.
1214 2571 1353 2619 Dicendum

218 2649 293 2698 tiram
309 2651 384 2698 decet.
806 2655 869 2697 erat:
888 2663 933 2697 seu
948 2649 997 2696 iam
1014 2648 1084 2697 brevi
1106 2649 1261 2697 moriendum
1278 2649 1318 2698 sit.

254 2731 301 2777 Nil
313 2730 397 2792 saciet
413 2731 511 2780 sceleris
524 2732 572 2792 pia
588 2731 706 2788 (textam
723 2730 767 2777 mi·
841 2730 946 2791 Friporc
962 2735 986 2777 te
1001 2728 1092 2791 feriat.
1128 2728 1191 2776 Tale
1213 2728 1293 2792 frigus
1314 2746 1356 2793 po-

219 2821 278 2855 rum
319 2811 356 2856 Ut
380 2825 456 2871 aeque
481 2811 548 2859 culce
572 2811 654 2870 lupus.
689 2809 768 2857 Inter·
807 2807 912 2856 tentiam
929 2816 966 2856 est
982 2809 1060 2855 instar
1076 2807 1199 2865 fulminis,
1221 2823 1271 2870 quo
1288 2809 1356 2872 Iupi-

220 2893 350 2948 pretantur
369 2891 414 2952 piu
431 2903 475 2951 per
491 2888 645 2951 antiphrasin
661 2901 706 2949 pro
723 2889 768 2934 im·
807 2892 845 2934 ter
866 2886 930 2934 ferit.
963 2888 1030 2936 Hine
1051 2887 1116 2935 illud
1136 2889 1224 2950 procat
1246 2904 1263 2934 a
1284 2890 1357 2946 loce,

218 2966 272 3027 piu.
304 2967 423 3029 Agnosco
439 2968 520 3029 potins
536 2967 620 3014 lusum
636 2967 767 3029 quendam,
805 2967 896 3026 procui
912 2981 929 3011 a
938 2966 1060 3027 sulariue.
1094 2966 1174 3026 Quem
1187 2966 1282 3028 Iupiter
1293 2966 1357 3024 ferit,

220 3043 287 3092 haud
312 3046 458 3094 dissimilem
475 3044 604 3094 Ovidiano.
629 3045 697 3094 Fast.
719 3045 768 3092 IV.
809 3050 921 3090 mortuus
943 3050 993 3101 est,
1017 3058 1090 3104 quem
1111 3045 1256 3106 Augustus,
1289 3045 1357 3092 Mae·

220 3125 276 3172 555.
312 3127 399 3173 Stulte
421 3128 467 3185 pia
491 3130 579 3172 mater.
605 3131 630 3171 et
645 3125 704 3171 duni
720 3136 768 3170 acu
809 3134 882 3169 cenas
898 3119 991 3182 frigore
1008 3121 1076 3176 ferit,
1097 3118 1231 3184 isquoque
1244 3128 1358 3170 mortuus

220 3218 259 3261 aa,
281 3205 405 3252 sceterata
422 3202 511 3264 suisti.
544 3202 596 3250 Pro
620 3203 713 3250 mirum
739 3206 769 3248 ut
810 3205 847 3247 est
863 3199 891 3246 iu
907 3199 976 3258 aula,
996 3201 1023 3247 in
1039 3200 1148 3248 amicitia
1163 3200 1252 3259 nobili,
1273 3201 1357 3248 nullus

220 3282 303 3332 Bentl.
320 3281 426 3330 coniicit:
440 3283 532 3330 nitrum
541 3282 577 3328 ui.
598 3279 664 3328 Mihi
675 3279 768 3326 dudum
810 3286 860 3335 est,
885 3293 936 3326 non
961 3278 1051 3327 vitalis.
1083 3279 1170 3327 Iocose
1193 3279 1270 3341 igitur
1294 3281 1358 3328 dixit

221 3363 248 3410 in
265 3369 372 3410 mentem
390 3366 491 3409 venerat
506 3360 627 3407 nimirum
644 3364 681 3406 ut.
714 3357 770 3405 Hoc
802 3355 887 3417 feriat
906 3363 929 3406 tc
938 3357 1046 3420 frigore.
1079 3359 1120 3406 Ita
1131 3359 1181 3406 iarn
1193 3358 1267 3406 fiebat
1278 3365 1358 3408 aetate

221 3455 289 3490 nunc
304 3455 333 3489 eo
351 3440 431 3502 magis
447 3439 604 3502 plucetcum
615 3435 769 3485 Meinekium
810 3418 936 3496 augusti,
963 3436 1044 3498 magis
1068 3438 1224 3498 sequentium
1249 3438 1358 3499 Impera-

223 3520 289 3569 idem
305 3518 411 3568 voluisse
428 3517 504 3566 video.
538 3514 674 3564 Horkelius
690 3519 768 3561 tenta-
810 3521 900 3562 torum.
934 3511 1036 3562 Sueton.
1059 3514 1170 3578 August.
1192 3516 1232 3564 66.
1271 3518 1358 3578 Neque

224 3597 279 3646 bat:
305 3600 411 3646 mirum:
439 3599 476 3644 Ar
500 3610 578 3658 aeque
601 3595 667 3642 calce
693 3593 769 3654 lupus
810 3596 1295 3644 tenwreeuomniaumeroiaamta'tu
1305 3596 1359 3642 ntia

223 3674 679 3739 quemquammequedeateseritbcs.
698 3670 769 3720 Goel·
810 3671 903 3735 afflicti
926 3674 1091 3733 reperientur.
1129 3674 1200 3722 Idem
1226 3672 1359 3722 Suetonius

224 3755 304 3802 ierus:
321 3757 425 3812 nitrum,
446 3755 650 3814 Quicmquesq.
676 3751 770 3800 Doder-
810 3757 896 3798 narrat
916 3751 954 3799 M.
975 3750 1116 3814 Agrippam
1136 3767 1169 3801 ex
1189 3752 1239 3801 levi
1260 3752 1359 3816 frigoris

224 3833 289 3880 linus
306 3833 501 3881 emendationem
518 3831 639 3880 Meinekii
655 3829 754 3892 recepit.
810 3829 960 3890 suspicione,
977 3836 1002 3876 et
1018 3830 1084 3892 quod
1100 3831 1235 3880 Marcellus
1252 3831 1299 3880 sibi
1315 3848 1358 3881 an·

259 3913 457 3960 Seuniorsatris
465 3912 691 3961 circumsonantis.
716 3909 771 3957 Hoc
810 3907 952 3965 teserretur,
969 3908 1119 3971 Mitylenae,
1130 3910 1221 3959 relictis
1232 3911 1358 3969 omnibus,

224 4005 312 4054 parurn
339 3997 450 4039 accurate
482 3989 634 4038 antecedenti
649 3987 772 4036 'membro
811 4001 837 4036 se
859 3986 998 4036 contidisse.
1032 3987 1191 4037 Domitianas
1200 3991 1265 4051 apud
1279 3990 1358 4039 Tacit.

223 4085 268 4119 seu
289 4086 327 4118 me
349 4071 488 4130 tranquilla
503 4074 616 4118 sauctus
631 4073 772 4130 exspectat,
811 4067 900 4129 Agric.
922 4067 962 4114 40.
983 4065 1030 4112 tali
1050 4064 1142 4128 frigore
1163 4074 1290 4129 tamquam
1312 4067 1357 4115 fnl-

224 4147 362 4211 opponitur.
395 4148 516 4197 Desidero
532 4149 591 4195 iam.
626 4147 677 4194 Seu
705 4160 770 4194 mors
810 4145 891 4203 mine,
913 4143 1061 4207 Agricolam
1077 4143 1155 4192 feriit:
1181 4147 1359 4208 Exceptucque

223 4229 275 4274 tam
292 4228 358 4274 atris
375 4228 604 4276 circumvolutatio.
621 4226 693 4273 Mors
708 4239 785 4276 sem,
811 4225 878 4272 breui
902 4225 985 4272 occulo
1004 4227 1030 4270 et
1051 4222 1120 4270 aulo
1139 4237 1249 4272 sumone
1269 4226 1359 4274 turbae

224 4319 267 4368 per
284 4313 309 4353 et
325 4306 414 4369 ubique
434 4304 605 4361 circumvolat,
630 4306 711 4365 nigris
732 4318 770 4350 or·
810 4303 972 4351 servientium
988 4301 1119 4349 immixtus
1135 4307 1179 4349 est.

224 4388 277 4434 beni
293 4386 460 4434 circumsonat
476 4385 538 4439 alia,
566 4389 594 4430 ut
618 4381 684 4428 canit
709 4379 771 4429 Gra·
844 4382 954 4428 Nitidue
969 4395 1020 4442 quo
1036 4380 1138 4441 quisque
1152 4394 1199 4440 per
1217 4393 1262 4427 cra
1281 4380 1357 4429 Cede·

224 4465 274 4512 tius
292 4463 387 4526 Cyneg.
409 4463 465 4512 ³48.
488 4459 667 4509 circumvolans
688 4465 769 4506 autem
812 4465 857 4508 ret.
896 4460 928 4507 N.
958 4458 1076 4507 Heinsius
1103 4458 1201 4520 legebat
1229 4461 1358 4509 incederet.
