3542 5634
779 532 1127 598 SATIRARUM

432 722 601 786 Detereret
620 719 685 784 sibi
707 718 831 799 multa,
855 716 1012 781 recideret
1034 737 1146 797 omne,
1171 716 1258 800 quod
1282 716 1369 780 ultra

430 823 615 888 Perfectum
639 822 837 902 traheretur,
862 826 896 885 et
920 821 955 884 in
978 841 1074 884 versu
1097 818 1245 884 faciendo

432 926 534 1011 Saepe
557 932 657 1011 caput
680 926 843 1006 scaberet,
867 925 960 988 vivos
984 929 1017 987 et
1040 921 1167 987 roderet
1189 944 1325 1007 ungues.

432 1029 534 1114 Saepe
557 1029 672 1094 stilum
695 1034 821 1109 vertas,
846 1027 966 1091 iterum
989 1047 1072 1111 quae
1096 1025 1198 1110 digna
1219 1026 1286 1111 legi
1311 1027 1379 1091 sint

431 1131 636 1216 Scripturus,
661 1153 782 1216 neque,
807 1135 840 1194 te
863 1135 902 1193 ut
924 1128 1060 1192 miretur
1083 1129 1195 1210 turba,
1219 1128 1362 1210 labores,

433 1234 618 1299 Contentus
641 1233 754 1319 paucis
780 1232 965 1297 lectorrhus.
1012 1232 1067 1295 An
1090 1236 1148 1295 tua
1170 1231 1303 1296 demens

387 1448 446 1482 voce
463 1435 611 1482 sententiam
628 1435 766 1498 quandam,
782 1433 836 1482 loco
852 1434 933 1482 Hora.

386 1515 453 1563 tiano
465 1515 547 1562 minus
557 1521 655 1576 aptam,
666 1528 779 1577 separare
790 1528 840 1562 non
848 1527 933 1576 possu-

386 1608 449 1643 mus.
477 1593 602 1643 Gesnerus
614 1593 754 1640 annotavit:
773 1592 868 1650 „Nulla
875 1606 931 1656 pro·

386 1671 522 1734 positarum
538 1671 670 1721 lectionum
689 1671 801 1733 (dilatus,
823 1670 933 1729 delatus,

387 1749 512 1814 delapsus)
537 1749 577 1798 vel
598 1751 744 1799 auctoritate
773 1749 814 1798 vel
839 1750 933 1798 ratione

388 1838 461 1880 curet.
490 1831 600 1877 Dilatns
611 1830 767 1894 tamenvmihi
785 1829 933 1890 dignitatem

387 1911 511 1972 quandam
528 1908 618 1958 habere
635 1909 756 1957 videtur.“
774 1909 806 1957 In
823 1909 871 1956 ista
886 1909 934 1956 viri

386 1989 591 2052 praestantissimi
608 1988 767 2038 annotatione
785 1995 822 2036 est
832 1987 933 2051 aliquid,

387 2081 438 2116 non
455 2069 523 2117 satis.
556 2070 665 2118 Dilatas
685 2068 712 2116 in
733 2068 779 2116 hoc
795 2082 885 2116 aevum
903 2068 934 2116 si·

387 2145 506 2207 guiliesre
521 2154 601 2209 potest
626 2161 715 2195 sevum
732 2135 777 2194 seu
792 2147 881 2195 melius
890 2161 934 2195 seu

386 2224 465 2285 peius,
482 2232 556 2287 prout
572 2225 694 2273 sententia
705 2225 821 2288 postulet.
838 2226 870 2274 Iu
882 2228 933 2275 Ho-

387 2302 451 2350 ratio
466 2302 605 2365 postulatur
621 2303 719 2361 melius,
734 2303 850 2351 limatius.
884 2307 934 2352 De·

388 2383 458 2429 latus
491 2381 642 2444 significaret
657 2384 738 2443 peius,
755 2383 821 2444 quod
837 2389 933 2430 senteu-

388 2460 424 2506 tia
440 2460 542 2522 respuit.
559 2461 674 2517 „Deleri
685 2460 721 2507 ait
732 2459 803 2509 Serv.
815 2462 846 2508 ad
859 2461 934 2524 Virg.

975 1433 1019 1480 τοῦ
1037 1431 1168 1492 Σεβαστοῦ
1185 1431 1331 1496 διάγνωσιν.
1365 1429 1460 1480 Paulus
1478 1445 1521 1492 ap·

975 1509 1091 1572 pellebat,
1108 1516 1137 1557 ut
1147 1525 1193 1557 sua
1207 1524 1295 1558 caussa
1308 1517 1457 1568 servaretur,
1474 1509 1521 1557 dif-

974 1588 1082 1638 ferretur
1098 1589 1130 1637 ad
1150 1587 1317 1651 cognitionem
1339 1589 1457 1651 Augusti.
1486 1591 1522 1638 Et

975 1669 1001 1716 in
1026 1670 1112 1718 eodem
1138 1669 1216 1732 eapite
1239 1683 1276 1718 vs.
1293 1669 1316 1716 t.
1350 1667 1377 1716 '0
1402 1669 1449 1732 μὲν
1473 1669 1522 1716 οὖν

975 1751 1075 1807 Φῆστος
1091 1748 1213 1812 ἀπεκρίθη
1230 1749 1359 1812 τηρεῖσθαι
1382 1748 1429 1795 τὸν
1450 1749 1522 1794 Παῦ-

973 1828 1023 1876 λον
1039 1827 1075 1884 εἰς
1092 1826 1258 1892 Καισάρειαν,
1277 1827 1368 1876 ἑαυτὸν
1380 1826 1405 1875 di
1416 1825 1523 1890 μέλλειν

975 1906 1003 1954 ἐν
1020 1905 1092 1970 τάχει
1109 1907 1295 1968 ἐκπορεύεσθαι.
1330 1907 1371 1954 Ita
1387 1906 1521 1954 Tischend.

976 1992 1001 2032 et
1018 1985 1060 2032 alii
1076 1992 1141 2034 recte
1152 2001 1185 2034 ex
1196 1985 1274 2035 MSS.
1283 2000 1329 2048 pro
1340 1985 1367 2033 ἐν
1380 1985 1522 2050 Καισαρείᾳ

976 2065 1112 2112 ediderunt.
1153 2063 1307 2127 significatio
1336 2072 1420 2113 autem
1447 2064 1522 2112 valde

976 2143 1075 2190 diversa
1091 2149 1136 2190 est.
1158 2143 1255 2191 Paulus
1272 2147 1384 2207 τηρεῖται
1400 2142 1435 2200 εἰς
1455 2147 1521 2190 Kar·

975 2218 1081 2285 σιίρειον
1096 2230 1146 2283 est,
1162 2221 1266 2280 Paulus,
1283 2236 1369 2270 caussa
1385 2220 1460 2270 Pauli
1471 2235 1522 2269 ser·

976 2300 1189 2358 vatur,‘differtur
1205 2301 1232 2348 iu
1250 2299 1411 2358 Caesaream,
1428 2299 1522 2348 iudica-

975 2379 1042 2427 bitur
1053 2379 1201 2438 Caesareae,
1212 2394 1262 2442 quo
1275 2379 1365 2429 Festus
1376 2380 1447 2428 brevi
1457 2389 1524 2430 esset

976 2459 1138 2521 profecturus.
1180 2458 1278 2509 Plinius
1306 2459 1386 2521 Epist.
1420 2459 1454 2507 X.
1480 2461 1522 2508 st.

388 2540 454 2589 Aen.
476 2539 527 2588 111.
549 2541 606 2589 tls.
631 2540 783 2589 necessitatis
805 2547 857 2599 est,
874 2555 934 2588 uam
977 2540 1171 2600 Postulavitqae
1186 2544 1216 2586 nt
1231 2553 1396 2601 cognoscerem
1411 2555 1458 2601 pro
1476 2542 1524 2588 tri-

388 2619 515 2668 voluntata
536 2619 619 2682 aliquo
645 2632 696 2666 non
721 2618 866 2676 deferimur,
892 2619 934 2667 sed
975 2618 1071 2665 basuli.
1102 2618 1177 2674 Quod
1197 2632 1253 2666 cum
1277 2633 1319 2680 eqo
1353 2633 1390 2666 me
1402 2620 1525 2680 protinus

388 2698 527 2745 venimus.“
545 2696 623 2745 Inviti
631 2697 692 2744 adeo
701 2698 850 2759 deferimur,
864 2698 935 2760 quasi
970 2694 1124 2757 facturum,
1152 2697 1363 2758 prolaturumqus
1388 2697 1525 2761 profectio·

388 2789 463 2824 cursu
479 2775 579 2831 deiecti,
596 2774 705 2833 detrusi,
721 2776 786 2836 quod
808 2775 883 2823 verbo
899 2782 935 2823 at·
977 2791 1032 2823 near
1049 2778 1182 2832 siluissem,
1204 2780 1234 2824 ut
1250 2777 1385 2838 locuturam
1404 2778 1470 2826 diem
1488 2778 1526 2824 acl

388 2853 446 2916 tigit
467 2852 603 2902 Ruhnken.
620 2855 652 2900 ad
676 2854 744 2903 Vell.
761 2855 858 2903 Patere.
876 2855 898 2902 I.
916 2870 934 2903 1.
976 2853 1152 2902 instruendam
1168 2838 1281 2903 ceresam
1298 2857 1392 2913 darem,
1408 2856 1526 2917 atqaein

389 2931 467 2980 Recte
477 2947 502 2978 v.
514 2946 534 2979 c.
545 2931 664 2980 Horatius
676 2933 792 2996 desertor
808 2935 833 2981 in
845 2948 935 2982 aevum
977 2933 1055 2980 elium
1066 2935 1194 2983 civitatem
1203 2947 1376 2996 cognoscerem,
1391 2935 1476 2995 petiit.
1487 2934 1525 2982 Il·

389 3009 530 3070 Claudiani,
545 3018 574 3058 ut
590 3012 729 3059 conditione
746 3019 771 3060 et
781 3014 935 3075 temporein-
977 3009 1020 3058 lud
1037 3026 1183 3074 cognoscere
1199 3015 1226 3060 in
1243 3013 1322 3061 aliam
1338 3013 1474 3071 civitatem,
1491 3014 1525 3061 si-

390 3090 498 3151 ferioris;
518 3090 629 3140 Lucilius
650 3105 700 3138 uon
721 3098 786 3139 recte
802 3091 829 3138 iu
846 3106 936 3140 sevum
979 3089 1080 3151 gnificat
1107 3093 1227 3155 proficisci
1248 3093 1274 3140 in
1291 3093 1365 3140 eliam
1382 3093 1524 3148 civitatem,

389 3170 498 3228 Horatii,
514 3177 624 3233 tempore
640 3176 737 3218 tantum
754 3171 937 3228 inferioris,sed
978 3176 1007 3217 nt
1017 3169 1051 3217 ibi
1061 3185 1241 3234 cognoscerem.
1264 3171 1306 3221 Sic
1317 3172 1403 3220 Actor.
1415 3171 1523 3220 XXIII.

390 3256 520 3311 propterea
544 3263 594 3297 non
618 3250 716 3311 peioris.
759 3251 786 3300 Si
811 3252 937 3315 quaeritur
981 3252 1018 3298 ll.
1052 3249 1088 3306 εἰς
1116 3249 1214 3314 Ῥώμην
1240 3255 1407 3315 μαρτυρῆσαι.
1449 3251 1523 3299 Diod.

389 3333 487 3375 tantum
504 3328 534 3374 de
550 3334 673 3390 ternpore,
698 3329 748 3377 alis
769 3338 841 3378 erant
861 3331 938 3379 verba
980 3327 1056 3376 Sieul.
1072 3330 1176 3392 Fragm.
1193 3329 1235 3377 lib.
1253 3330 1330 3380 XXI.
1339 3345 1362 3392 p.
1377 3330 1416 3378 55.
1435 3335 1523 3392 Δημη-

390 3413 416 3453 et
440 3406 550 3468 phrases,
575 3407 664 3469 quibus
689 3409 875 3471 exprimeretur.
903 3409 939 3458 Ut
976 3408 1047 3469 rpion
1065 3409 1255 3473 φυλαττομένου
1272 3408 1307 3466 εἰς
1325 3408 1438 3458 Πέλλαν.

391 3487 417 3534 in
437 3485 537 3548 dialogo
554 3487 584 3533 de
601 3486 688 3536 Causa.
722 3486 793 3536 Corr.
807 3488 879 3551 Eloq.
897 3489 937 3536 41.
1011 3488 1092 3550 Saepe
1115 3489 1203 3536 stilum
1225 3494 1322 3544 vertas,
1344 3490 1438 3536 iterum
1460 3503 1526 3550 quse

392 3565 419 3611 Si
453 3570 499 3611 aar
524 3579 566 3612 vos
593 3566 720 3625 prioribm
746 3570 864 3623 asseculis,
893 3574 940 3616 cut
977 3567 1054 3628 dipsa
1078 3568 1125 3628 lect
1147 3568 1201 3613 sint
1243 3567 1401 3629 Scripturas.
1447 3566 1525 3616 Recte

392 3644 451 3699 isti,
468 3656 529 3702 quos
545 3643 677 3699 miramur,
704 3645 742 3690 tte
766 3645 823 3691 nuti
844 3652 939 3707 essent,
978 3645 1058 3693 Acro:
1086 3647 1123 3702 „si
1146 3645 1184 3693 vis
1206 3645 1312 3693 scribere
1336 3660 1366 3693 ea
1387 3659 1451 3708 quae
1473 3660 1525 3694 mc-

392 3733 423 3767 αα
441 3718 513 3766 Deru
535 3721 629 3781 aliquis
645 3723 712 3768 cites
728 3729 838 3778 reseres,
854 3730 940 3772 vestra
977 3731 1078 3772 reantur
1094 3723 1157 3787 legi,
1178 3737 1251 3788 ssepe
1267 3723 1350 3772 stilum
1369 3724 1407 3772 fac
1427 3733 1524 3785 vertas,

393 3797 939 3866 temporamutasset.calpurnsclogvlr
977 3810 1005 3850 ut
1034 3803 1150 3852 adhibeas
1179 3804 1279 3852 lituram
1307 3804 1373 3853 male
1403 3806 1526 3868 scriptis.¹‘

392 3875 432 3926 74.
448 3875 531 3936 felic,
551 3878 617 3936 quod
641 3879 669 3925 in
691 3880 751 3927 haec
773 3881 820 3926 titi
840 3884 941 3930 saecula
978 3882 1038 3930 Post
1055 3889 1201 3931 mereantur
1218 3884 1323 3942 excidit,
1339 3887 1524 3946 puto,iterum.

391 3957 491 4015 priores
517 3955 668 4017 inducente
680 3959 733 4006 Deo
744 3960 875 4007 densium
884 3975 940 4010 ecn-
978 3960 1033 4009 Alii
1051 3961 1158 4024 iungunt
1175 3965 1267 4012 iterum
1283 3966 1436 4027 scripturas.
1474 3963 1525 4013 Sed

371 4035 451 4095 erepit
475 4046 563 4080 aanor.
602 4033 667 4083 eum
696 4035 771 4084 verbo
786 4038 890 4101 differri
915 4039 940 4086 in
978 4054 1008 4087 ea
1032 4042 1098 4089 notio
1123 4042 1172 4089 iarn
1198 4050 1235 4090 est
1263 4043 1289 4090 iu
1317 4044 1405 4092 etitem
1431 4049 1526 4092 υττται.

391 4112 477 4160 multis
487 4112 641 4161 conveniunt
656 4117 767 4173 serram,
780 4119 905 4165 reseruari
913 4117 939 4165 in
979 4122 1092 4176 Iterum,
1117 4119 1167 4175 bis,
1193 4122 1272 4168 decies
1298 4121 1362 4169 bona
1383 4128 1410 4169 et
1431 4121 1527 4184 optima

392 4192 539 4247 herrorem,
562 4191 619 4239 huic
640 4199 692 4249 rei,
718 4201 746 4242 ut
764 4194 860 4243 Graeca
877 4195 939 4244 ἀνα·
977 4198 1087 4245 carmina
1110 4197 1236 4262 leguntur.
1272 4199 1367 4248 Notum
1385 4206 1422 4246 est
1439 4198 1527 4247 Plato-

392 4269 551 4330 βάλλεσθαι,
567 4273 710 4333 τηρεῖσθαι,
725 4272 940 4336 φυλάττεσθαιεὶς
978 4276 1016 4323 nis
1042 4275 1080 4333 δὶς
1098 4278 1138 4324 καὶ
1156 4279 1209 4342 τρὶς
1227 4281 1258 4327 τὰ
1280 4277 1361 4338 καλά,
1385 4289 1410 4325 et
1426 4279 1528 4326 Horatii

393 4349 477 4394 τοῦτο.
512 4348 579 4396 Hinc
604 4348 777 4410 explicandum
799 4358 859 4413 puto
882 4353 940 4400 Act.
978 4355 1056 4400 decies
1072 4357 1181 4415 repetitu
1197 4358 1339 4418 placebunt.

393 4427 481 4487 Apost.
500 4427 588 4476 XXV.
597 4429 637 4475 21.
656 4429 704 4475 Τοῦ
723 4427 748 4476 δὲ
766 4430 872 4478 Παύλου
889 4431 939 4478 ἐπι·
1012 4431 1162 4481 Doderlinus
1192 4449 1290 4498 quoquc
1323 4437 1403 4498 iungit
1432 4438 1528 4485 iterum

393 4503 562 4567 καλεσαμὲνου
580 4507 722 4568 τηρηθῆναι
740 4506 821 4555 αὑτὸν
840 4507 874 4564 εἰς
893 4509 941 4567 τὴν
979 4512 1032 4572 lepi.
