3542 5634
417 519 478 582 190
837 520 883 582 ΙΙ.
929 538 1056 584 sarran
1079 540 1129 585 ιιι.

413 714 489 764 pono:
508 701 637 750 Praedam
654 703 766 762 quidun,
784 707 963 766 praeterquam
980 704 1120 763 homiuum,
1136 704 1225 753 divicit
1231 721 1241 763 ,-
1265 717 1357 766 pecora
1377 708 1476 764 autem,
1498 719 1554 752 ma-

413 781 481 828 cimc
496 782 575 829 omnir
590 782 685 841 acueris
694 780 788 842 fuere,
805 783 840 829 od
855 783 1009 843 epulondm
1021 783 1149 832 militibiu.
1166 783 1304 841 Praedam,
1315 788 1414 845 praeter
1428 784 1554 851 captivos,

413 857 498 906 divisit
514 857 578 916 aliis,
596 872 646 906 nou
662 857 797 920 militibus;
822 873 924 923 peoora,
949 876 1013 924 quae
1038 861 1108 911 fuere
1132 862 1213 912 multa
1236 863 1316 910 omnis
1334 862 1444 924 generis,
1466 862 1555 912 dirisit

413 936 532 986 militibus
548 937 580 986 ad
597 937 757 1000 epulandum.
790 939 879 988 Livius
896 940 1000 990 XXIV.
1019 941 1057 991 16.
1091 943 1198 990 Praeda
1213 943 1551 1004 recommemorata

413 1018 510 1065 minum
526 1024 670 1079 captorum,
687 1021 766 1070 militi
782 1035 896 1070 concerta
913 1027 965 1080 eat,
980 1027 1006 1071 et
1021 1037 1096 1084 pecta
1112 1028 1243 1084 exceptum
1259 1028 1303 1072 eat.

462 1096 492 1145 P.
513 1097 567 1145 l2l.
602 1100 640 1147 Ni
661 1101 731 1148 cibus
752 1105 828 1162 atque
852 1102 949 1162 [aanor
970 1103 1066 1151 accedit
1091 1103 1217 1151 stomacho
1235 1101 1345 1164 subura
1368 1103 1463 1150 ruenti.
1497 1100 1554 1162 Ap

412 1174 501 1236 positio
517 1181 554 1225 ast
570 1184 745 1226 ornamentum
761 1179 878 1228 orationis
895 1181 1018 1242 poeticae,
1043 1194 1073 1228 ea
1089 1181 1247 1242 praesertim,
1273 1196 1337 1244 qnae
1360 1179 1450 1243 copula
1474 1186 1556 1228 caret.

412 1256 480 1304 Nam
497 1261 522 1304 et
538 1255 658 1318 appositio
675 1255 704 1304 fit
720 1271 766 1319 por
783 1257 913 1320 copulam,
929 1259 960 1306 de
976 1273 1026 1322 qua
1042 1257 1111 1308 Cort.
1129 1260 1160 1307 ad
1177 1258 1274 1307 Lucan.
1290 1259 1312 1308 Ι.
1325 1259 1382 1308 528.
1410 1261 1495 1322 Quare
1512 1253 1555 1308 liic

412 1336 493 1398 potius
511 1336 609 1398 legam:
632 1337 661 1384 ut
682 1338 752 1386 cibus
772 1342 850 1399 atque
869 1339 893 1385 ia
920 1340 1048 1386 Praeceur
1069 1339 1165 1387 accedit
1185 1340 1311 1388 stomacho
1325 1338 1434 1402 flatura
1456 1341 1554 1387 ruenti.

412 1415 469 1464 Nisi
485 1415 553 1464 cibus
570 1420 594 1463 et
611 1413 711 1478 quidem
728 1416 782 1464 sine
798 1429 869 1464 mora
885 1417 981 1464 accedit
996 1415 1093 1464 fultura
1108 1418 1244 1466 stomacho.

461 1495 493 1543 P.
513 1493 568 1542 121.
602 1497 729 1557 Napata,
765 1497 840 1554 Quod
855 1496 926 1546 latua
943 1503 990 1545 aut
1007 1512 1078 1546 renea
1095 1499 1178 1545 morbo
1196 1502 1329 1545 tentaretur
1344 1503 1427 1546 acuto.
1461 1497 1552 1560 Haup-

412 1574 461 1622 tius
489 1573 594 1635 putabat
618 1587 719 1622 versum
743 1572 793 1622 huc
814 1589 866 1624 csse
892 1576 1040 1624 translatum
1061 1589 1093 1623 ex
1110 1576 1132 1623 I.
1149 1575 1229 1637 Epist.
1255 1575 1306 1624 VI.
1331 1575 1372 1623 28.
1406 1576 1553 1626 Meinekins

412 1653 492 1703 eiecit.
525 1652 648 1715 Equidem
664 1667 739 1716 aegre
755 1668 835 1704 careo.
868 1655 990 1705 Cauasam
1007 1670 1051 1704 cur
1075 1654 1194 1704 Craterus
1218 1654 1330 1716 negarit,
1355 1655 1413 1702 addi
1437 1663 1554 1719 oportere

412 1732 502 1780 iudico.
537 1729 633 1780 Caussa
649 1738 686 1780 est
702 1731 728 1779 in
745 1746 828 1781 versu.
862 1732 926 1792 Sed,
950 1735 1016 1796 qnod
1031 1733 1059 1781 in
1075 1733 1189 1796 Epistola
1203 1739 1270 1782 recte
1285 1747 1313 1782 se
1328 1733 1402 1782 habet
1419 1737 1489 1784 latua
1505 1743 1554 1785 aut

412 1825 496 1867 remea,
512 1824 562 1857 nou
578 1815 643 1858 rocta
660 1823 686 1858 sa
702 1810 777 1858 habet
792 1811 818 1859 in
836 1810 927 1861 Satira.
961 1810 1094 1872 Craterus,
1113 1812 1222 1874 optimus
1239 1812 1363 1871 medicis,
1375 1813 1489 1862 dubitare
1500 1828 1555 1864 non

413 1895 508 1952 potest,
524 1896 610 1938 utrum
626 1895 737 1950 aegrotet
752 1889 831 1939 latere
847 1905 879 1938 an
898 1891 1006 1941 renibus.
1040 1890 1159 1940 Craterus
1181 1898 1266 1939 autem
1287 1891 1391 1954 loquens
1415 1893 1552 1941 inducitur.

411 1968 579 2031 Damasippus
595 1974 694 2031 poterat
710 1968 790 2016 dicare
806 1969 904 2018 laborat
921 1972 1000 2020 latere
1016 1976 1063 2018 cut
1079 1973 1193 2026 renibus,
1211 1968 1330 2019 Craterus
1346 1971 1454 2020 debebat
1469 1973 1553 2024 dicere

412 2047 508 2096 laborat
524 2055 549 2097 et
566 2050 646 2097 latere
661 2052 687 2096 ct
703 2049 812 2097 renibus.
846 2049 995 2111 Lugendum
1012 2056 1084 2112 puto:
1106 2051 1180 2107 Quod
1196 2052 1265 2098 tatae
1282 2055 1307 2097 et
1320 2064 1392 2098 renea
1402 2055 1487 2100 morbo
1497 2058 1552 2101 teu·

412 2133 503 2176 tantur
518 2133 600 2178 acuto.

460 2209 490 2258 P.
510 2209 564 2257 l2l.
601 2208 672 2266 Quid
687 2208 753 2254 euim
770 2209 874 2271 differt,
898 2210 1052 2258 barathrone
1079 2209 1164 2257 Donet
1179 2210 1304 2271 quidquid
1320 2211 1407 2267 babes,
1429 2225 1465 2258 au
1485 2225 1553 2259 uuu-

411 2303 487 2350 quam
503 2293 579 2337 utare
592 2287 713 2350 paratis?
748 2287 818 2338 Haec
834 2297 887 2337 tam
904 2295 960 2352 apte
976 2290 1085 2352 pendent
1101 2303 1116 2336 a
1132 2288 1298 2351 superioribus
1320 2290 1400 2350 „quid
1422 2292 1552 2338 aranea?“

412 2369 533 2424 ,‚Staltus
557 2374 582 2417 et
606 2370 734 2419 iurauuc.“
767 2377 796 2417 ut
819 2369 893 2432 culpa
908 2368 1068 2417 librariorum
1085 2369 1143 2416 inde
1160 2367 1247 2415 avulsa
1268 2368 1375 2415 credam.
1409 2366 1462 2416 Ubi
1483 2382 1552 2417 nunc

411 2445 541 2508 leguntur,
557 2448 603 2496 rix
619 2448 737 2512 explicari
753 2455 862 2512 possunt.
891 2447 941 2498 Sed
957 2448 1006 2496 alia
1021 2462 1119 2512 quoque
1129 2461 1249 2508 magnam
1259 2447 1438 2494 difficultatem
1449 2447 1551 2497 babent.

410 2525 514 2582 Fateor,
530 2540 582 2584 me,
600 2527 670 2576 lectis
687 2528 798 2576 virorum
817 2527 1041 2576 eruditissimorum
1057 2525 1317 2589 interpretationibus,
1337 2525 1451 2573 nondum
1475 2527 1549 2576 intel·

411 2605 490 2666 ligore
506 2605 567 2655 ista:
601 2610 660 2655 Nom
676 2613 713 2655 cst
728 2609 849 2669 periurare
870 2622 949 2669 aeque
970 2607 1101 2654 roratur:
1124 2605 1234 2654 immolet
1255 2607 1342 2666 aequis
1374 2606 1430 2654 Hic
1443 2621 1552 2667 porcum

411 2685 530 2734 Laribus.
568 2687 661 2734 Verum
677 2688 825 2734 ambitiosae
841 2690 866 2734 et
882 2687 984 2743 audac5
1004 2687 1112 2746 Naviaet
1129 2683 1291 2746 Anticyram.
1324 2682 1447 2732 Verubus
1468 2691 1551 2735 mana-
1584 2732 1588 2736 .

410 2763 508 2826 positis,
525 2763 619 2812 duobus
636 2777 694 2811 cum
710 2763 813 2811 dimidio
829 2763 927 2821 eiectis,
943 2763 1027 2811 omnia
1043 2764 1070 2810 in
1083 2763 1139 2810 luce
1149 2768 1202 2810 tam
1212 2761 1280 2811 clara
1291 2769 1424 2825 apparent,
1436 2770 1465 2812 nt
1475 2779 1552 2814 nemo

411 2841 518 2904 amplius
535 2841 681 2890 offendatur.
706 2842 812 2890 Horatio
828 2841 904 2904 digna
921 2849 992 2890 sunt:
1010 2843 1155 2900 „Quianam
1171 2843 1253 2902 ipitur
1269 2841 1382 2889 samus?“
1411 2844 1485 2902 „Qui
1500 2861 1552 2895 noa

410 2922 533 2970 stuttua.“
566 2923 656 2980 „Quid
671 2921 803 2970 auarus?“
835 2922 958 2980 „Stultus
974 2927 999 2970 et
1015 2924 1128 2970 iuramus.
1166 2920 1238 2978 Quid
1260 2923 1327 2969 euim
1348 2923 1453 2984 differt,
1476 2927 1550 2974 bara·

412 3002 501 3049 throne
517 3004 615 3060 Donec,
633 3001 755 3064 quidquid
771 3003 860 3058 babeo,
883 3018 918 3050 am
938 3018 1068 3064 uunquam
1089 3007 1165 3050 utare
1185 3000 1310 3063 paratio?
1343 3002 1453 3065 Nauipet
1473 3005 1551 3052 Anti-

410 3086 522 3144 cyram.“
555 3084 658 3142 „Quid
674 3085 695 3131 si
711 3085 768 3146 quea
785 3098 835 3131 nou
851 3084 1005 3139 citatarus,
1019 3083 1264 3131 Gothuaoaauusi‘
1292 3081 1444 3139 „Miuime.“
1475 3081 1551 3140 „Cur

411 3162 526 3211 Stoicer‘
560 3199 574 3221 ,‚
582 3164 677 3212 Dicam.
712 3161 767 3211 Non
782 3167 819 3210 ert
836 3163 982 3218 cardiacus,
1003 3161 1140 3210 Craterum
1156 3162 1252 3209 dixisse
1265 3166 1372 3222 putato,
1399 3162 1454 3210 Hic
1470 3176 1551 3222 aecer.

411 3243 491 3290 Recte
506 3247 544 3289 est
561 3243 655 3303 icitur,
670 3243 816 3304 turpatque?
840 3243 965 3303 Necabit,
988 3242 1063 3299 Quod
1087 3242 1158 3289 lctus
1179 3246 1204 3289 et
1222 3254 1295 3288 reuec
1315 3242 1398 3288 morbo
1414 3245 1552 3289 tentantur

383 3314 387 3322 ’
410 3327 492 3371 acuto.
526 3321 629 3369 Avarus
646 3327 683 3369 est
699 3320 789 3368 stultns
805 3326 829 3368 at
846 3321 955 3368 insanus.
988 3320 1048 3367 Non
1064 3320 1132 3368 enim
1147 3319 1230 3367 differt
1246 3319 1278 3367 ab
1295 3334 1336 3376 eo,
1353 3319 1552 3381 quisuaomnia

410 3401 436 3448 in
453 3400 599 3449 barathrum
615 3400 704 3449 abiicit.
739 3401 841 3450 Avarus
858 3400 931 3448 debet
946 3399 1067 3460 navigare
1082 3399 1240 3462 Anticyram,
1257 3406 1286 3447 nt
1302 3406 1413 3457 sanetur,
1423 3399 1458 3446 ibi
1468 3405 1551 3462 potat,

410 3480 531 3543 quidquid
546 3480 664 3529 hellebori
680 3479 772 3542 ubique
788 3485 912 3527 nascatur.
946 3478 1018 3539 Quae
1034 3478 1104 3536 eieci,
1130 3493 1178 3526 non
1204 3478 1327 3540 intelligo,
1353 3492 1400 3526 nec
1424 3480 1493 3540 qnod
1518 3480 1550 3526 ad

409 3561 587 3609 comunionem
603 3574 660 3607 cum
677 3565 730 3608 tota
745 3559 923 3621 disputatione,
938 3572 985 3606 nec
1000 3559 1066 3620 quod
1082 3557 1115 3605 ad
1125 3558 1272 3606 sententiam
1286 3558 1397 3620 ipsorum
1413 3557 1550 3606 verborum

410 3641 505 3688 attinet.

443 3718 569 3780 Gruppins
585 3717 612 3765 in
628 3718 715 3766 Minoi
730 3732 755 3779 p.
771 3718 836 3775 240,
851 3731 903 3779 seq.
920 3716 1041 3778 genuinos
1052 3730 1144 3764 ,versus
1160 3721 1258 3763 tantum
1276 3715 1389 3776 agnam
1405 3715 1467 3763 boa:
1490 3715 1550 3772 „Tu

410 3801 504 3845 oessos‘.i
522 3798 628 3860 agedum
645 3810 715 3844 sume
731 3796 778 3844 hoc
799 3795 965 3857 ptisanarium
989 3799 1103 3858 oryzae.“
1138 3795 1250 3855 „Quanti
1274 3798 1387 3842 emtae?“
1421 3793 1550 3852 „Parro.“

410 3876 521 3938 „Quanti
538 3877 630 3938 ergoi‘
663 3874 850 3931 „Octnssibus.“
883 3875 979 3931 „libem
1013 3862 1551 3936 Qnidrefert‚morboanfnrtiapereauive

409 3955 534 4018 rapinia?“
555 3953 695 4014 „Quisnam
707 3955 785 4016 igitur
796 3956 905 4002 ειιιιιιεῗιι
932 3953 1000 4015 „Qui
1016 3969 1067 4002 non
1084 3953 1198 4002 stultns.“
1217 3952 1302 4014 „Quid
1320 3954 1449 4000 avarusY‘
1464 3952 1550 4011 „Stul-

410 4041 451 4084 tus
467 4042 493 4084 et
508 4035 622 4084 insanus:
640 4035 782 4099 quid-enim
799 4033 883 4082 differt
899 4034 1050 4082 barathrone
1082 4035 1168 4083 Dones
1189 4034 1309 4097 quidquid
1330 4033 1407 4081 babes
1428 4047 1462 4080 an
1484 4047 1549 4080 nun-

409 4129 485 4177 quam
502 4120 576 4163 utare
592 4115 685 4178 paratis
693 4117 720 4160 ?“

459 4193 490 4241 P.
509 4195 563 4243 122
598 4196 704 4242 Natura
720 4194 821 4242 eoireet.
857 4191 978 4240 Coircere
994 4197 1032 4239 est
1047 4190 1078 4237 ab
1090 4188 1294 4253 arcere,ripre1v.
1320 4191 1420 4238 Natura
1429 4187 1499 4236 iubet
1510 4201 1549 4234 sa-

409 4273 440 4320 tis
457 4285 522 4329 esse,
538 4279 681 4320 contentum
698 4286 763 4329 esse,
781 4271 880 4330 ἀρκεῖν,
897 4283 939 4327 ec,
957 4270 1023 4331 quod
1048 4269 1102 4331 ipsa
1126 4267 1189 4315 finit.
1223 4269 1277 4316 Nos
1301 4268 1330 4316 in
1354 4268 1436 4331 patria
1459 4267 1550 4329 lingua

409 4351 561 4413 appellamus
579 4351 704 4400 hominem
720 4356 875 4407 contentum,
893 4349 937 4409 qui
953 4355 1025 4411 putat
1040 4362 1068 4396 se
1085 4361 1138 4396 rem
1155 4348 1215 4394 satis
1224 4346 1295 4395 ultra
1301 4348 1340 4404 id,
1351 4348 1419 4410 quod
1429 4345 1550 4408 optabat,

409 4430 519 4478 duxisse.

372 4541 384 4560 0
459 4508 489 4555 P.
509 4511 563 4558 122.
598 4511 723 4572 Api-ippa.
758 4509 838 4557 Acro:
871 4509 948 4566 „Ideo
973 4508 1011 4555 ris
1036 4506 1213 4570 patrimonium
1237 4513 1311 4554 tunm
1336 4517 1497 4560 consumere,
1521 4511 1549 4550 ut

1688 988 1690 1097 l

1688 1214 1690 1345 l

1688 1438 1690 1549 l

1688 1576 1690 1655 ι

1688 1764 1690 1921 Ι

1688 4262 1690 4407 l
