3542 5634
766 535 1148 600 SATIRAliL'lll

436 734 520 818 (Nec
543 749 636 794 meus
660 728 712 792 hic
736 747 842 792 sermo
865 731 933 806 est,
958 725 1015 790 sed
1038 746 1121 811 quae
1143 724 1310 809 praecepit
1335 723 1463 790 Ofellus

436 833 608 915 Rusticus,
633 830 799 898 abnormis
824 829 954 914 sapiens
978 850 1151 914 crassaque
1175 828 1360 914 Minerva,)

437 936 582 1019 Discite,
607 957 673 1000 non
697 935 782 999 inter
804 934 915 998 lances
939 954 1135 1018 mensasque
1158 932 1320 1008 nitentes,

441 1038 551 1119 Quum
576 1045 688 1125 stupet
711 1037 837 1102 insanis
861 1036 947 1101 scies
970 1036 1172 1120 fulgoribus,
1197 1041 1231 1100 et
1254 1057 1356 1120 quum

437 1144 585 1209 Acclinis
609 1143 703 1209 falsis
726 1142 856 1208 animus
880 1140 1017 1206 meliors
1040 1148 1184 1217 recusat;

392 1323 436 1357 cur
452 1309 563 1358 dicamus
579 1312 646 1367 bone,
664 1311 729 1364 bani,
745 1310 840 1365 odmw,
850 1322 864 1355 a
875 1308 940 1355 boni.
981 1306 1026 1354 oie
1043 1305 1112 1355 ἐστιν
1127 1307 1186 1371 ἐμὸς
1202 1306 1291 1370 μῦθος,
1301 1305 1387 1369 λόγος.
1405 1305 1535 1353 EtPrsx-

392 1387 526 1436 Praeterea
541 1386 661 1436 Horatius
678 1386 704 1434 in
716 1385 762 1433 hac
775 1385 859 1435 Setira
869 1385 940 1447 qussi
981 1383 1162 1448 illaSicyonis:
1172 1382 1298 1448 Ἀδμήτου
1306 1385 1397 1448 λόγον,
1407 1385 1426 1432 ὦ
1438 1382 1533 1448 ’ταῖρε,

394 1466 475 1515 verbis
493 1466 571 1529 ipsius
588 1464 667 1515 Ofelli
684 1464 770 1512 utitur.
804 1462 892 1512 Oratio
903 1464 941 1512 di·
980 1462 1070 1526 μαθὼν
1105 1464 1164 1520 τοὺς
1194 1461 1309 1526 ἀγαθοὺς
1334 1463 1407 1527 φίλει.
1455 1461 1534 1512 Conf.

394 1544 487 1593 viditur
504 1543 530 1592 in
547 1543 708 1606 dnaspartes.
725 1540 849 1604 inpriore
860 1547 941 1589 osten·
982 1541 1103 1590 Valcken.
1128 1542 1161 1589 sd
1186 1541 1274 1603 Enrip.
1300 1541 1401 1605 Hippoi.
1426 1557 1451 1604 p.
1471 1543 1533 1592 aot.

394 1623 430 1671 dit
450 1637 514 1685 quae
535 1628 560 1672 et
581 1628 680 1686 quauta
700 1623 784 1670 uirtus
804 1622 839 1668 sit
860 1623 942 1669 uiuere
981 1620 1064 1669 Bentl.
1080 1635 1113 1669 ex
1128 1618 1207 1669 tribus
1224 1619 1303 1670 codd
1319 1622 1437 1669 Torreat.
1453 1621 1535 1670 edidit

392 1717 486 1763 parvo:
508 1702 535 1749 in
552 1696 632 1750 alters
646 1707 731 1763 perte,
751 1704 873 1762 quantam
891 1703 942 1747 uti·
982 1715 1058 1762 quae,
1076 1707 1105 1748 ut
1120 1699 1260 1761 elegantius
1276 1707 1302 1749 et
1316 1700 1474 1762 castigatius,
1488 1714 1535 1748 ne·

394 1783 494 1830 litatem
516 1781 606 1829 habeat
627 1781 709 1828 meere
728 1791 816 1840 parua.
856 1779 943 1841 Argu·
982 1792 1030 1841 que
1055 1792 1081 1827 se
1102 1779 1184 1827 dicere
1205 1778 1269 1827 velle
1289 1783 1421 1842 praecepit
1441 1795 1536 1830 mnsa-

394 1865 508 1906 mentnm
524 1866 575 1908 est:
591 1858 634 1921 qui
649 1864 732 1922 potest
750 1857 834 1905 vivere
851 1869 941 1919 perro,
982 1871 1045 1905 neos.
1079 1858 1204 1920 Equidem
1225 1873 1276 1907 non
1296 1858 1404 1918 nollem,
1429 1861 1473 1907 sed
1495 1860 1534 1907 in-

394 1938 415 1986 is
431 1939 479 1987 sibi
494 1937 604 1986 maxime
619 1937 729 2000 prodest.
764 1933 832 1983 Illud
844 1941 882 1982 est
892 1936 942 1983 uir·
982 1940 1144 1998 terpretarer:
1166 1951 1239 2000 quem
1260 1953 1396 1986 sermonem
1416 1944 1479 1987 ante
1493 1956 1537 1988 me

395 2021 474 2077 tutis,
491 2018 538 2066 hoc
554 2024 591 2065 est
605 2017 735 2072 commodi,
752 2028 784 2062 ex
800 2013 942 2062 virtutem·
982 2017 1118 2077 explicuit,
1139 2030 1212 2078 quem
1240 2015 1341 2078 Ofellus
1363 2032 1536 2080 praeoccupa-

394 2097 535 2146 dundsntis.
560 2095 664 2145 Initium
682 2094 760 2157 pertis
778 2093 880 2141 alueum
897 2093 942 2140 du·
982 2095 1029 2142 uit.
1061 2094 1132 2156 Ergo
1152 2094 1194 2142 hic
1215 2108 1298 2143 sermo
1316 2110 1368 2143 non
1389 2102 1428 2144 est
1448 2110 1536 2156 meus,

394 2177 457 2224 citur
479 2193 494 2226 a
515 2190 551 2224 vs.
573 2176 613 2228 70.
648 2177 742 2236 Accipe
770 2187 838 2222 nuuc
862 2170 944 2220 uictus
983 2172 1027 2220 sed
1042 2173 1114 2235 qussi
1130 2172 1207 2221 illius.
1237 2173 1278 2222 De
1294 2173 1373 2222 verbo
1385 2177 1537 2237 praecipere

395 2258 477 2314 tenacis
492 2271 557 2318 quae
568 2259 713 2318 quantaque
725 2267 806 2302 seeum
823 2250 943 2312 Adferat.
984 2252 1040 2300 vide
1056 2252 1144 2300 Heius.
1161 2253 1193 2300 ad
1210 2252 1298 2302 Valer.
1314 2252 1398 2301 Flscc.
1410 2252 1459 2302 IV.
1473 2255 1536 2303 ssi.

396 2336 429 2382 Ia
446 2337 540 2397 primis
557 2336 642 2382 sabas
658 2335 716 2381 besse
727 2347 763 2394 sq
797 2330 852 2377 Iam
862 2328 943 2376 Hora·
983 2338 1009 2378 et
1024 2329 1092 2379 alibi.

394 2413 444 2461 tius
461 2413 487 2460 in
503 2412 670 2475 propositione
687 2408 837 2472 argumenti,
847 2408 878 2454 de
894 2422 943 2470 qno
1022 2411 1082 2458 Nau
1105 2411 1175 2458 iuter
1200 2412 1290 2459 lauces.
1328 2411 1379 2461 Ubi
1403 2426 1477 2474 saepe
1501 2414 1536 2460 de

395 2499 449 2540 urst
465 2491 607 2549 locuturus,
624 2495 723 2538 tantum
740 2485 880 2536 nominsvit
893 2488 943 2534 vir·
983 2487 1146 2550 temperantis
1165 2495 1191 2535 et
1208 2489 1361 2550 parcimonia
1378 2490 1537 2540 disserebant

396 2576 493 2629 tutela,
509 2568 591 2619 omisit
614 2569 759 2617 utilitatem.
793 2566 943 2627 Interpretes
984 2565 1019 2612 ite
1035 2566 1094 2614 dicti
1105 2567 1258 2630 philosophi,
1275 2568 1316 2616 vei
1328 2569 1457 2632 emtalogi.
1478 2572 1538 2620 Hos

398 2648 514 2698 nonnulli
538 2648 685 2704 sentientes,
709 2660 785 2709 qnsm
807 2657 858 2692 non
878 2650 944 2692 recte
984 2646 1117 2708 Augustus
1133 2645 1166 2692 ed
1178 2660 1280 2694 coenum
1292 2647 1424 2696 adhibebat
1434 2649 1538 2699 ridiculi

396 2729 442 2775 hoc
468 2727 560 2774 factmn
584 2732 663 2783 esset,
685 2726 823 2773 utilitatem
845 2737 943 2786 quoque
984 2737 1083 2783 cenem,
1101 2723 1158 2772 illos
1175 2724 1264 2772 irridet
1278 2725 1406 2774 Lucienus
1422 2726 1448 2775 in
1467 2727 1539 2778 Gon·

398 2806 488 2854 virtute
504 2805 624 2854 contineri
641 2809 799 2872 putaverunt.
833 2801 882 2852 Sed
899 2802 944 2851 hoc
985 2803 1061 2851 virio.

397 2885 480 2948 ipsum
507 2883 553 2932 sibi
580 2882 799 2931 demonstrandum
816 2888 944 2941 sumserat,
1020 2883 1086 2931 Cum
1109 2890 1194 2946 stupet
1219 2886 1319 2933 insanis
1341 2889 1407 2935 acies
1421 2888 1540 2951 suipert-

396 2971 421 3011 et
437 2963 554 3026 exemplo
571 2959 649 3012 Ofelli
665 2962 852 3033 demonstrsyit.
874 2962 944 3024 Ergo
985 2963 1038 3010 bras.
1071 2961 1273 3012 commentator:
1297 2963 1416 3027 „ineptis,
1437 2967 1541 3027 nimiis,

397 3043 423 3090 in
440 3043 605 3106 propositione
622 3048 674 3090 tem
690 3040 823 3090 memorari
833 3040 945 3099 debebat,
985 3040 1118 3103 indignis.‘⁴
1143 3042 1197 3091 Alii
1212 3042 1293 3091 aliter.
1319 3043 1479 3107 Ambiguum
1490 3046 1540 3109 igi·

396 3141 471 3190 quam
484 3127 572 3174 siritu.
587 3123 736 3184 Lugendum
747 3122 856 3170 videtur:
873 3121 946 3180 Quae
985 3126 1026 3167 tur
1043 3120 1200 3170 vocabulum.
1233 3122 1355 3171 Horatius
1371 3123 1488 3172 disertius
1504 3127 1540 3174 si·

397 3209 480 3254 uirtus
505 3210 530 3252 et
554 3209 668 3266 quanta,
696 3203 754 3248 boni
779 3197 841 3262 quid
864 3201 946 3248 uicere
986 3197 1144 3258 gnifiossset,
1182 3201 1242 3262 quid
1270 3199 1364 3258 vellet,
1393 3201 1540 3252 scribendo:

396 3299 484 3347 paruo.
516 3281 622 3331 Locutio
646 3279 737 3328 usitata
761 3277 867 3336 Plauto,
882 3279 945 3327 ‚Te
988 3277 1053 3325 Cum
1069 3285 1154 3340 stupet
1170 3281 1198 3327 ia
1214 3282 1286 3327 canu
1303 3281 1369 3328 acies
1382 3281 1541 3343 fulporibuc.

397 3363 478 3411 rcntio
504 3368 529 3410 et
553 3359 653 3424 optimis
678 3357 742 3406 aliis.
777 3357 881 3406 Mercat.
908 3358 944 3406 11.
986 3354 1068 3419 Caput
1087 3351 1261 3420 disputationis
1277 3357 1407 3408 Ofellsnae
1424 3360 1472 3408 hoc
1491 3370 1542 3420 est,

397 3455 435 3490 ru.
452 3443 476 3490 3.
514 3439 584 3500 Quid
605 3438 669 3488 milli
688 3443 727 3486 eet
747 3439 775 3485 in
796 3437 852 3484 uun
872 3439 945 3485 basil
985 3442 1014 3482 ut
1034 3437 1158 3496 ostendet,
1183 3438 1295 3486 homines
1317 3444 1435 3496 aterna,
1460 3439 1539 3498 fuiss,

398 3521 473 3569 Most.
495 3519 531 3568 II.
549 3533 566 3567 1.
588 3519 629 3566 23.
661 3517 731 3575 Quia
746 3517 809 3563 mibi
827 3517 862 3564 sit
879 3518 945 3572 bosri,
986 3515 1054 3563 inani
1076 3531 1159 3565 rerum
1181 3518 1262 3580 specie
1283 3517 1376 3580 decipi:
1401 3514 1475 3566 oiseis
1495 3535 1538 3568 re·

397 3602 421 3647 ss'
438 3599 561 3647 tumtur?
591 3597 692 3644 Terent.
704 3595 797 3656 Hecyu
808 3595 842 3642 V.
854 3609 892 3642 rv.
905 3595 944 3644 11,
985 3610 1043 3642 rum
1059 3599 1200 3660 cmrusapi,
1216 3604 1245 3644 ut
1261 3611 1298 3644 vs.
1312 3597 1353 3645 25.
1370 3597 1476 3645 caudam
1491 3613 1537 3660 pa-

398 3678 487 3738 Neque
508 3677 537 3723 in
556 3677 661 3730 nuntia,
685 3688 763 3735 aeque
783 3675 811 3720 iu
832 3689 870 3722 use
890 3677 946 3736 ipso
985 3674 1055 3722 vonis
1080 3689 1134 3723 esse
1157 3673 1336 3738 spectaculum,
1361 3675 1426 3723 nibil
1450 3683 1537 3724 summ

399 3757 446 3802 tibi
463 3756 519 3803 boat
535 3753 598 3814 quid
609 3754 644 3799 sit
656 3752 714 3800 scio,
748 3749 869 3800 Sialetae
880 3767 944 3801 com·
984 3753 1016 3800 sd
1033 3767 1087 3800 rem
1103 3753 1224 3816 pertinere
1240 3768 1278 3801 rs.
1292 3753 1333 3801 27.
1361 3753 1403 3800 Its
1421 3754 1538 3802 homines

398 3833 547 3896 plecteretur
568 3830 644 3878 simul
659 3829 804 3886 utilitatem,
826 3830 945 3880 Horatius
985 3831 1065 3895 vulgo
1080 3840 1180 3895 stupent
1196 3832 1224 3880 in
1233 3832 1391 3895 semoribus,
1413 3833 1462 3894 qni
1480 3833 1538 3880 nnl-

400 3913 503 3960 sortssse
530 3910 680 3973 scripsisset:
713 3910 784 3967 Quae
812 3913 896 3959 virtus
919 3917 946 3960 et
984 3910 1031 3958 lias
1048 3912 1122 3974 pretii
1137 3919 1204 3960 sunt.
1231 3913 1266 3960 Et
1282 3911 1329 3960 hoc
1344 3912 1462 3960 conuenit
1478 3927 1537 3961 cum

398 3998 496 4056 quauta
513 3991 607 4039 baccini
621 3992 655 4038 sit
672 3990 754 4038 vivere
769 4003 855 4051 parco.
893 3989 945 4036 Ho·
985 3990 1068 4038 animo
1078 3991 1161 4053 salsis
1178 3992 1276 4043 uelint.
1301 3991 1537 4053 npist.11.1.187.

398 4080 445 4120 rat.
456 4086 516 4119 mox
528 4085 564 4118 vs.
575 4070 615 4122 72.
633 4069 721 4118 uariae
737 4083 777 4116 res
793 4070 830 4116 Ut
840 4073 946 4116 noceant
990 4071 1082 4118 Verum
1105 4072 1197 4133 equitis
1222 4086 1317 4133 quaque
1341 4073 1395 4120 iam
1415 4073 1541 4134 muravit

399 4153 498 4200 homini.
533 4147 607 4198 Ovid.
631 4148 708 4196 Trist.
725 4146 760 4195 V.
783 4161 809 4194 v.
830 4148 871 4195 25.
899 4149 946 4194 Nil
985 4152 1016 4198 ab
1037 4166 1099 4200 aure
1118 4154 1235 4213 uoluptas
1263 4153 1352 4200 Omnis
1372 4153 1407 4200 ad
1425 4153 1540 4202 incertos

400 4232 493 4279 tantini
522 4237 619 4278 certum
647 4232 692 4275 est.
736 4225 866 4274 Phaedrus
896 4226 944 4274 lv.
984 4231 1065 4278 oculos
1082 4235 1107 4278 et
1122 4232 1217 4292 paudiu
1233 4245 1308 4279 uana.
1341 4229 1437 4280 Seneca
1452 4229 1539 4294 Epist.

399 4323 448 4356 111.
466 4310 487 4358 l.
515 4308 612 4356 Utilius
628 4307 694 4353 uitii
708 4307 947 4368 estlamini‚quam
985 4307 1025 4355 94.
1057 4310 1100 4356 Vis
1112 4311 1189 4368 scire,
1206 4325 1283 4371 quam
1287 4307 1375 4372 falsus
1386 4311 1469 4357 oculos
1480 4315 1542 4359 tuae

399 4394 467 4437 recte
483 4389 559 4450 ioqui.
985 4387 1079 4449 decipit
1088 4385 1197 4449 sulpuri
1231 4389 1308 4436 Nihil
1328 4393 1367 4437 est
1388 4390 1449 4436 istis
1465 4387 1542 4448 (suro

433 4469 486 4516 Nec
507 4480 577 4516 susem
598 4467 638 4513 lie
659 4466 947 4526 coniectumque
986 4469 1011 4511 et
1032 4465 1158 4527 urgento),
1179 4467 1301 4528 quamdiu
1322 4480 1405 4514 mersu
1426 4471 1452 4514 et
1468 4469 1542 4516 isca

397 4544 643 4607 praecepiiOfellus·
660 4541 945 4604 CogitavitGrsecailla‚
988 4544 1045 4591 luta
1062 4557 1133 4595 coeno
1148 4558 1194 4592 suc
1211 4545 1305 4601 iacent,
1317 4543 1428 4604 foedius.
