3542 5634
598 563 643 624 ΙΙ.
692 581 817 626 sarran
842 582 910 637 vu,
935 583 1010 626 mn.
1311 567 1373 631 195

241 761 332 810 quens,
349 747 376 794 in
392 759 477 793 omnes
495 746 584 794 scilicet
601 748 699 804 domos,
716 748 846 806 convivia,
870 748 991 812 porticus,
1010 747 1103 810 templa
1124 749 1184 810 ipsa.
1216 751 1293 812 Sequi
1309 749 1376 797 illus·

241 834 339 875 trater
357 823 441 874 Carni.
459 824 494 873 ΙΙ.
515 839 541 872 r.
576 827 635 873 Iam
654 831 678 874 te
694 831 809 888 sequetur
827 832 851 873 et
868 827 916 874 IV.
935 841 953 874 1.
981 828 1042 875 Iam
1058 829 1182 876 volucrem
1197 843 1293 890 sequar.
1320 830 1377 892 Ego

241 921 308 954 nuno
324 905 456 967 legendum
473 903 587 952 coniicio:
608 906 664 952 Nou
682 907 771 953 tabita
789 911 901 954 mutatve
922 908 987 964 loco,
1007 911 1143 968 peccatque
1161 909 1292 968 pudenter.
1326 909 1376 970 Qui

240 985 336 1047 proiicit
352 983 471 1045 insignia,
488 982 591 1030 anulum
608 989 758 1046 equestrem,
776 983 804 1032 lit
821 997 922 1040 servus,
939 992 963 1033 et
980 983 1031 1032 alia
1047 983 1104 1032 feeit
1116 985 1177 1033 hero
1190 984 1305 1048 indigna,
1321 1002 1376 1050 pec·

240 1071 279 1113 eat
296 1065 347 1123 ita,
363 1069 392 1111 ut
408 1062 502 1110 nullius
518 1077 575 1110 eum
591 1061 628 1110 rei
644 1063 743 1124 pudeat.
778 1061 883 1112 Omnem
901 1065 1022 1126 pudorem
1039 1064 1135 1112 abiecit.
1168 1064 1272 1123 Mulier,
1289 1080 1376 1128 quam·

240 1145 276 1192 vis
293 1150 388 1206 peccet,
405 1142 513 1205 aliquem
529 1149 613 1189 tamen
629 1142 748 1204 pudorem
765 1149 861 1201 servat,
883 1157 935 1190 non
951 1148 1032 1191 mutat
1048 1143 1174 1200 habitum,
1195 1150 1279 1192 menet
1295 1145 1374 1204 dorni,

239 1223 384 1272 sollicitatur
401 1235 452 1270 non
468 1221 598 1278 sollicitat,
614 1227 699 1283 peccat
715 1222 789 1278 adeo,
806 1236 863 1269 cum
880 1222 982 1270 moecho
999 1221 1099 1285 quidem
1115 1229 1270 1285 comparata,
1279 1225 1374 1284 puden·

240 1310 287 1352 ter.
312 1304 411 1361 Pereat,
431 1303 474 1350 sed
491 1303 576 1350 videas
592 1301 661 1349 illam
678 1302 782 1364 pudere;
800 1309 884 1365 peccat
900 1304 1073 1351 verecundius.
1095 1302 1191 1352 Gellius
1207 1304 1240 1352 N.
1258 1304 1292 1352 A.
1310 1303 1374 1352 XII.

240 1396 278 1430 x1.
297 1381 372 1430 verba
387 1380 526 1443 philosophi
543 1380 675 1443 Peregrini
691 1379 778 1428 refert:
802 1382 832 1429 Si
853 1383 939 1430 eciam
956 1382 1065 1431 homiues
1080 1383 1147 1430 mihil
1162 1384 1272 1430 ommium
1288 1397 1375 1431 rerum

238 1465 339 1511 diutius
353 1475 425 1523 posse
441 1461 536 1518 celari,
552 1461 692 1522 repressius
709 1460 894 1522 pudentiusque
910 1461 1064 1521 peccabitur.
1097 1460 1140 1508 Ex
1154 1462 1280 1521 pudenter
1296 1460 1374 1508 literis

238 1541 304 1589 mule
320 1539 473 1602 transpositis
489 1539 590 1587 tandem
606 1538 674 1586 nesci
689 1538 770 1601 potuit
786 1553 901 1600 superne.
935 1539 968 1587 In
985 1538 1046 1588 cod.
1064 1538 1125 1589 sax.
1143 1545 1196 1587 erat
1211 1546 1352 1601 peccesque.

289 1619 318 1667 P.
338 1620 391 1671 167.
429 1619 513 1677 Quum
530 1624 555 1666 te
564 1618 689 1681 soratiriet
706 1619 802 1666 mulier.
837 1618 877 1666 De
894 1617 1013 1677 muliere,
1032 1633 1095 1682 quae
1111 1620 1249 1682 praeeedit,
1265 1619 1314 1666 diei
1325 1632 1374 1667 non

238 1703 330 1760 potest,
347 1697 388 1746 vel
405 1703 504 1760 propter
519 1703 649 1759 peceatum
666 1697 756 1754 tter-ile,
773 1696 843 1744 cuius
860 1696 959 1745 conscia
975 1704 1012 1746 est
1030 1712 1108 1745 serva.
1142 1697 1191 1748 Sed
1202 1699 1253 1746 iem
1264 1698 1308 1745 alii
1318 1706 1375 1746 ante
1445 1715 1452 1725 ¹

238 1791 278 1824 me
294 1776 377 1824 locum
393 1776 573 1832 distinxerunt,
591 1781 619 1822 ut
635 1775 755 1838 distingui
772 1775 893 1822 volebam.

287 1855 319 1903 P.
340 1855 393 1904 168.
428 1857 586 1917 Dominoque
596 1854 702 1917 furenti
731 1854 879 1903 Corrtmittes
895 1870 948 1904 rem
965 1870 1061 1904 omnem
1077 1861 1104 1904 et
1119 1857 1199 1904 vitam
1214 1862 1240 1905 et
1256 1872 1313 1906 eum
1323 1873 1375 1906 cor·

235 1949 298 1995 pore
307 1934 417 1996 faniam.
451 1933 545 1982 Melior
560 1934 635 1982 ordo:
656 1935 803 1982 Gornmittes
820 1948 872 1982 rem
890 1948 986 1982 omnem
1001 1939 1026 1983 et
1037 1934 1153 1998 samone,
1170 1940 1195 1982 et
1206 1950 1263 1983 cum
1273 1951 1376 1997 empore

238 2015 323 2060 vitam.
354 2013 390 2061 Es
406 2011 481 2076 plane
497 2013 523 2060 in
540 2017 662 2075 potestate
679 2011 780 2060 domini.
813 2011 862 2059 Hie
878 2011 925 2059 tibi
941 2011 1036 2075 eripere
1052 2019 1132 2075 potest
1144 2027 1244 2062 omnem
1256 2027 1324 2072 rem,
1337 2014 1372 2061 fe·

239 2106 319 2150 mam,
343 2106 432 2156 corpus
449 2099 474 2140 et
491 2093 576 2141 vitam.
611 2095 665 2141 Res
680 2092 793 2155 etfama
809 2091 949 2153 iunguntur
966 2093 992 2139 in
1009 2108 1036 2141 re
1052 2093 1110 2151 tali,
1131 2094 1163 2141 de
1185 2108 1234 2156 qua
1258 2093 1376 2142 annotavi

238 2172 310 2234 adp.
327 2172 367 2219 m.
402 2174 484 2221 Fama
501 2175 595 2221 malum
612 2174 716 2234 quamue
732 2188 807 2234 quum
824 2186 866 2219 res
883 2174 953 2220 tulit.
988 2173 1020 2219 ln
1037 2172 1147 2233 vulgetis
1158 2187 1210 2221 non
1225 2178 1264 2220 est
1274 2171 1375 2221 climax.

242 2251 341 2313 Corpus
357 2251 417 2314 quid
433 2252 473 2300 hic
489 2253 625 2315 significet,
642 2259 730 2300 notum
746 2259 791 2300 est.

289 2330 319 2378 P.
339 2332 393 2380 169.
427 2333 539 2381 Eaterni
555 2348 587 2381 ue
603 2335 664 2396 quid
679 2334 764 2381 ualeat
779 2349 827 2396 per
851 2333 903 2382 lece
927 2334 1030 2381 morari.
1063 2332 1139 2380 Hunc
1163 2345 1261 2380 versum
1285 2330 1375 2378 melius

238 2417 381 2473 sequeretur
398 2425 434 2459 vs.
451 2411 494 2460 84.
531 2414 610 2471 Quem
632 2428 710 2474 meque
729 2414 864 2475 pauperies
880 2428 959 2475 aeque
974 2427 1042 2461 mors
1058 2427 1136 2474 aeque
1151 2413 1254 2460 uincula
1271 2415 1376 2458 terrent.

288 2490 318 2537 P.
338 2489 391 2538 169.
430 2489 511 2553 Urqet
532 2492 597 2539 enim
616 2492 731 2539 domiuus
751 2497 856 2540 trientem
875 2506 925 2538 mou
947 2493 1018 2539 leuis.
1051 2491 1148 2540 Vocem
1169 2491 1284 2538 domiuus
1303 2488 1375 2536 illus-

238 2568 314 2616 trarit
330 2569 415 2617 Heius.
433 2571 464 2616 ad
482 2568 554 2618 Ovio.
573 2570 644 2619 Rem.
661 2571 701 2621 73.
719 2570 762 2618 uhi
778 2570 825 2617 ait:
844 2569 927 2626 „Vide
944 2569 1058 2617 divinem
1069 2567 1168 2617 Horatii
1180 2567 1299 2626 Satirum,
1309 2567 1375 2629 apud

239 2661 313 2711 quem
330 2647 398 2709 frugi
414 2648 457 2697 ille
473 2648 561 2696 Davus
578 2663 653 2710 super
677 2654 729 2696 tota
753 2649 799 2697 hae
825 2663 851 2697 re
877 2649 977 2711 egregie
1005 2647 1217 2711 philosophatur.“
1249 2646 1320 2695 Nihil
1345 2646 1377 2693 sd

155 1895 163 1934 l

239 2726 338 2775 laudem
355 2728 454 2776 Horatii
471 2729 551 2776 maius
568 2729 616 2777 dici
632 2743 703 2792 posse
720 2728 834 2778 arbitror.
867 2729 961 2778 Nescio
985 2743 1018 2776 an
1040 2729 1171 2792 sospitator
1187 2726 1229 2776 ille
1245 2726 1377 2789 politorum

239 2821 348 2869 unquam
367 2821 467 2856 sensum
484 2809 518 2856 sic
534 2808 704 2856 declaraverit.

287 2886 317 2934 P.
337 2887 390 2937 170.
424 2889 548 2948 Illusique
562 2890 637 2949 perles
654 2889 771 2935 uitiosum
785 2887 859 2951 serre
875 2893 994 2937 recusarit
1024 2888 1129 2950 Corpus.
1163 2884 1288 2936 Coniicio:
1310 2882 1377 2931 Illu-

238 2967 351 3027 duntque
368 2967 455 3026 pedes,
474 2966 592 3013 vitiosum
608 2971 633 3013 et
646 2965 722 3024 serre
738 2973 858 3015 recusant
890 2966 997 3026 Corpus.
1037 2966 1152 3013 Illudunt
1169 2964 1225 3022 tibi,
1243 2971 1268 3013 te
1284 2963 1378 3011 fallunt

239 3049 380 3091 recusantes
398 3042 463 3090 ferre
481 3056 570 3103 corpus
588 3042 623 3088 ita
640 3043 762 3090 vitiatum.

211 3155 214 3162 .
289 3122 393 3172 P.171.
432 3122 504 3168 Unde
520 3123 583 3168 ertihi
600 3121 729 3182 lapidem?
762 3119 877 3168 Iuvenal.
896 3120 972 3170 Satir.
990 3122 1066 3170 XIV.
1083 3121 1124 3169 56.
1158 3122 1231 3169 Unde
1250 3118 1376 3181 tibisron·

239 3207 289 3248 tem
306 3201 496 3262 libertatemque
513 3199 652 3261 parentis?

644 3313 700 3355 11.
737 3302 873 3352 SATIRA
895 3302 974 3351 VIII.

288 3433 318 3481 P.
338 3432 392 3482 171.
428 3430 498 3480 Mitti
514 3434 603 3481 dictus.
638 3432 694 3480 Liv.
712 3431 816 3481 XXIV.
835 3433 858 3478 4.
894 3433 929 3478 In
947 3431 1039 3479 Sicilia
1058 3431 1180 3478 Romanis
1194 3431 1280 3478 omuia
1296 3434 1377 3477 muta·

237 3518 310 3562 uerat
328 3526 393 3559 mors
410 3509 538 3560 Hieronis.

287 3592 318 3639 P.
338 3591 391 3642 172.
427 3591 509 3638 Acria
525 3592 619 3639 circum
639 3592 760 3652 Populo,
777 3591 906 3645 lactucae,
923 3590 1035 3645 radices,
1057 3589 1146 3650 qualia
1160 3589 1257 3635 lassum
1274 3587 1377 3635 Perusi-

239 3670 295 3716 ltmt
315 3671 484 3727 stomachum,
507 3671 585 3726 siser,
604 3671 685 3727 halec,
701 3667 809 3732 faecula
838 3667 899 3716 Coe.
933 3665 1104 3729 Bapularum,
1125 3665 1292 3724 lactucarum,
1313 3663 1378 3712 radi·

238 3762 295 3795 cnm
313 3748 350 3796 vis
368 3749 427 3797 satis
447 3763 565 3810 expressa
581 3748 679 3795 ridetur
694 3761 739 3810 per
757 3749 844 3796 acria:
873 3760 937 3809 quae
963 3751 1100 3808 sequuntur
1122 3746 1197 3804 siser,
1222 3747 1305 3803 halec,
1319 3745 1376 3807 sae-

238 3831 296 3877 cula
319 3829 371 3878 Coa
390 3828 442 3875 vim
462 3826 554 3874 habent
569 3825 701 3886 maiorem,
720 3840 783 3889 quae
802 3825 863 3873 adeo
879 3825 961 3886 magis
977 3823 1076 3888 proprie
1092 3825 1207 3873 dicuntur
1224 3827 1379 3874 stomachum

236 3911 379 3970 perpellere.
413 3906 529 3954 Fortasse
545 3905 692 3968 legendum:
716 3907 796 3954 Acria
819 3908 916 3954 circum
933 3906 1052 3966 Reputo,
1070 3906 1183 3964 radices,
1198 3906 1324 3962 lactucae,
1341 3908 1378 3958 et,

238 3989 325 4050 qualia
342 3989 437 4035 lassum
456 3987 605 4033 Pervelluat
621 3984 789 4041 stomachum,
806 3985 881 4042 siser,
900 3985 983 4041 halec,
993 3982 1103 4044 saecula
1121 3982 1182 4031 Coa.

286 4067 317 4114 P.
337 4068 390 4118 172.
427 4065 496 4112 Nam
520 4069 619 4112 coetera
644 4065 728 4110 turbo.
762 4063 867 4111 Minoris
892 4062 998 4124 ingenii,
1027 4061 1101 4124 gulae
1128 4076 1178 4109 non
1205 4069 1257 4109 tam
1284 4062 1377 4110 doctae.

239 4146 313 4197 Ouid.
330 4146 398 4194 Fast.
422 4144 474 4193 111.
496 4143 553 4191 628.
588 4143 687 4204 Incipit
713 4144 817 4190 Aeneas.
851 4142 962 4190 antera
991 4144 1068 4190 turta
1093 4142 1158 4190 silet.
1191 4141 1378 4202 Frequentatur

240 4228 316 4274 turba
333 4223 488 4285 dignioribus
506 4221 626 4285 opposita.

288 4305 319 4353 P.
339 4305 392 4354 173.
426 4303 469 4350 Ad
486 4309 565 4349 artem
582 4301 654 4348 istam
671 4313 786 4348 cocorum
804 4299 862 4347 facit
879 4298 958 4357 illud,
985 4300 1051 4362 quod
1077 4298 1143 4361 apud
1168 4298 1274 4346 Livium
1291 4304 1377 4345 narrat

239 4382 396 4430 Flamininus
414 4381 530 4432 XXXV.
549 4382 588 4429 49.
618 4382 670 4428 Est
687 4385 772 4428 autem
789 4395 830 4428 res
841 4380 973 4427 simillima
985 4395 1073 4428 coenae
1087 4379 1261 4427 Chalcidensis
1273 4379 1378 4440 hospitis

238 4465 299 4521 atei,
316 4464 423 4512 hominis
439 4466 464 4510 et
481 4462 537 4509 boni
553 4465 578 4508 et
594 4461 653 4508 sciti
670 4461 845 4508 eoncivatoris.
881 4459 960 4520 Apud
980 4473 1052 4520 quem
1068 4459 1199 4514 solstitiali
1216 4462 1325 4519 tempore
1341 4471 1377 4505 eo

238 4543 313 4589 rititer
338 4543 436 4605 accepti
457 4557 533 4603 quum
551 4541 716 4596 miraremur,
734 4541 801 4587 unde
817 4540 858 4587 illi
874 4553 901 4586 eo
918 4545 1028 4601 ternpore
1043 4538 1107 4585 aursi
1124 4542 1177 4585 tam
1194 4539 1277 4586 multa
1293 4542 1319 4585 et
1335 4552 1376 4585 oa·

1133 4617 1198 4680 13*
