3542 5634
644 554 824 618 LIBER
868 554 911 617 ΙΙ.
1275 556 1337 618 163

260 744 368 807 Pauca
391 741 597 806 reforniido.“
625 742 843 822 „Davusne?“
891 741 985 822 „Ita‚
1012 741 1141 822 Davus,
1173 741 1314 804 amioum

257 844 459 929 Mancipium
482 845 632 926 dominu,
655 851 689 909 et
714 843 802 928 frugi
827 843 915 928 quod
937 843 1100 923 situatis,
1124 843 1184 906 hoe
1206 852 1274 925 est,

257 947 306 1012 Ut
327 947 427 1012 vitale
455 951 585 1033 putes.“
634 949 747 1032 „Age‚
771 947 922 1012 libertate
942 945 1128 1027 Decembri,

257 1051 394 1130 Quando
415 1050 463 1115 ita
484 1051 622 1116 maiores
644 1051 836 1132 voluerunt,
860 1056 971 1126 utere;
1000 1054 1127 1114 narra“

211 1228 352 1286 concedere,
369 1229 434 1291 quod
451 1243 504 1276 mos
520 1228 641 1276 maiorum
652 1241 749 1275 conoes-
770 1227 772 1271 Ι
791 1226 893 1288 genua
909 1233 933 1273 et
949 1226 1076 1275 ambitiosa
1097 1225 1208 1274 oratione
1223 1235 1275 1274 tam
1291 1241 1333 1273 aii-

210 1314 283 1355 serat.
300 1305 384 1367 Quare
401 1307 518 1355 Horatius
535 1305 561 1354 in
578 1321 650 1355 versu
665 1306 751 1369 quinto
769 1302 772 1349 i
790 1307 874 1354 denter
898 1307 1024 1354 laudaret:
1053 1306 1205 1366 vemnupium
1233 1306 1330 1352 domirw

211 1401 262 1434 non
282 1386 342 1434 neu
363 1385 437 1434 navo
460 1385 602 1434 mutuum
622 1385 750 1448 loquendi,
769 1373 772 1439 ξ
790 1390 899 1436 ameum
920 1385 1022 1434 omnino
1047 1384 1193 1432 suffiuebst:
1218 1398 1245 1432 ss
1260 1383 1336 1447 frua·

210 1466 253 1513 sed
270 1465 366 1522 incitat,
388 1471 416 1512 ut
432 1479 477 1512 suo
493 1465 547 1514 iure
563 1473 750 1528 utetur:„,sge,
769 1442 772 1527 i
789 1482 856 1523 esse,
883 1473 909 1515 et
929 1467 1045 1529 insuper,
1069 1479 1119 1514 non
1141 1465 1334 1526 interrogatum,

211 1559 285 1592 nerra
301 1544 322 1592 si
338 1543 397 1606 quid
413 1543 512 1592 habes.“
790 1547 892 1604 addere,
913 1553 1038 1608 punimus
1065 1555 1149 1594 tamen
1174 1545 1240 1607 frugi
1257 1554 1334 1604 esset,

243 1620 357 1671 Conieci:
374 1623 433 1671 lum
450 1625 544 1672 dadum
560 1625 689 1681 ausculto,
709 1639 750 1672 eu·
789 1626 924 1690 sententiae
940 1627 1014 1673 totius
1031 1625 1126 1673 exordii
1142 1625 1169 1671 in
1191 1624 1237 1671 hae
1253 1624 1334 1673 Satira

209 1703 281 1763 pum
297 1703 358 1750 mur
374 1703 454 1751 sum
468 1716 568 1752 amm
592 1705 691 1753 Pauca.
708 1705 751 1752 nu
769 1681 772 1755 i
790 1706 871 1753 mnus
901 1712 987 1768 aptum
1015 1705 1121 1752 videtur.
1159 1703 1213 1751 ram
1239 1704 1332 1752 rurum

210 1782 271 1830 haec
298 1781 400 1830 Davus:
430 1783 583 1844 Resormido.
621 1785 703 1832 Herus
727 1793 752 1832 et
769 1764 771 1864 i
790 1785 914 1840 ausculto,
932 1785 967 1831 ait
981 1785 1060 1846 poeta
1080 1781 1146 1830 Nori
1160 1796 1255 1832 morem
1266 1783 1330 1832 festi.

210 1862 277 1910 servi
304 1869 361 1910 sunt
386 1863 412 1910 iu
436 1863 522 1910 eodem
542 1863 661 1912 conclavi.
694 1865 752 1914 Una
769 1868 771 1881 '
790 1863 898 1912 Servum
921 1863 1015 1926 aliquid
1036 1862 1097 1910 mihi
1123 1863 1203 1910 dioere
1226 1871 1330 1925 oportet.

209 1948 320 1990 monent.
337 1940 427 1989 Altum
443 1941 522 1988 adhuc
540 1941 671 1990 silentium.
698 1945 749 1992 Ne·
790 1943 871 2002 Dicat,
888 1944 930 2007 qui
947 1943 1014 1992 velit.
1045 1941 1093 1992 Sed
1110 1941 1226 1990 breviter.
1251 1944 1331 1991 Horu·

210 2035 252 2068 mo
276 2036 389 2084 rumpere
414 2023 494 2068 audet.
534 2021 662 2070 Noverunt
685 2023 751 2069 servi
790 2022 838 2070 tius
849 2023 901 2070 ism
912 2023 996 2071 statim
1006 2021 1330 2078 similiseststomaohanti,

208 2115 285 2162 quum
303 2101 439 2150 libertatem
463 2099 593 2156 heberent,
619 2101 661 2147 seu
677 2113 751 2148 nove·
790 2108 814 2148 et
835 2101 914 2150 invito
938 2101 1077 2149 libertatem
1101 2099 1263 2148 Deoembrem
1281 2097 1329 2164 ‘pa-

209 2188 267 2229 rent
282 2195 380 2244 quoque
392 2195 421 2228 ea
436 2194 510 2242 quam
526 2178 606 2227 brevis
623 2186 694 2236 esset,
714 2187 749 2238 et,
789 2180 866 2228 tienti.
901 2180 950 2231 Sed
966 2180 1026 2243 quid
1043 2179 1151 2228 fuceret?
1172 2180 1282 2228 Maiores
1298 2181 1333 2228 ita

208 2261 230 2307 si
246 2260 312 2308 male
331 2265 472 2310 uterentur.
494 2265 586 2320 quanto
602 2266 686 2320 postea
702 2266 749 2306 ste-
792 2259 928 2309 voluerant.
961 2258 1090 2308 Maluisset
1114 2274 1198 2307 servos
1220 2259 1333 2316 tacuisse,

207 2346 255 2388 ret.
276 2339 310 2386 Et
325 2347 408 2387 tamen
424 2352 477 2385 mos
495 2337 616 2386 maiorum
633 2350 683 2384 non
696 2345 750 2386 erat
789 2339 860 2400 quasi
883 2339 947 2387 nihil
972 2339 999 2386 in
1019 2337 1079 2385 hero
1105 2339 1332 2400 reprehendendum

207 2417 379 2480 negligendus.
416 2417 475 2478 Ipse
499 2417 619 2465 Horatius
643 2415 750 2464 nolebat.
790 2416 934 2466 invenirent.
967 2417 1022 2464 Iam
1040 2417 1066 2464 in
1083 2431 1119 2465 vs.
1140 2419 1181 2466 21.
1198 2418 1261 2465 iram
1276 2431 1333 2465 eon·

208 2498 280 2558 Ergo
295 2498 347 2560 ipse
362 2497 456 2559 rumpit
472 2495 613 2544 silentium:
630 2498 690 2544 Iam
705 2498 748 2543 da·
790 2496 868 2544 tinere
883 2511 933 2543 non
949 2502 1040 2557 potest:
1062 2496 1186 2554 Quorsum
1203 2498 1263 2546 haee
1279 2503 1332 2545 ten·

207 2579 268 2625 dam
292 2579 417 2636 emunito,
440 2581 567 2636 exspecto,
587 2574 678 2636 siquis
695 2587 749 2622 ves·
789 2575 862 2633 duat,
872 2575 1008 2636 furcifer?
1032 2575 1171 2642 Esordium
1187 2582 1224 2622 est
1240 2575 1331 2639 abrup-

122 2699 127 2708 .
207 2664 275 2704 trum
292 2671 370 2720 panea
389 2656 498 2704 dicturus
515 2655 554 2702 sit.
587 2653 682 2710 Multa,
699 2668 749 2702 non
790 2659 842 2701 tum
870 2661 895 2701 et
920 2653 1056 2703 Comitum.
1082 2653 1197 2702 Fortasse
1221 2655 1331 2718 scripsit:

206 2750 269 2799 opus
286 2744 336 2794 est,
352 2749 432 2799 neque
447 2749 512 2784 amo.
529 2735 597 2783 Tum
612 2733 748 2782 serrusuii-
788 2733 821 2782 D.
839 2735 894 2782 Ita.
908 2734 1010 2783 Davus.-
1032 2734 1140 2784 αιιιίσιιιιι
1172 2736 1332 2798 Μαιιιὶῃίιιιιι

205 2817 278 2880 quisz
297 2818 451 2879 Reformido.
477 2814 612 2863 Horatius:
629 2812 748 2860 Davusne
789 2814 893 2862 domino.
926 2814 961 2863 H.
978 2820 1003 2862 et
1013 2814 1091 2877 fmpi
1106 2817 1217 2877 petoque?
1238 2814 1271 2864 D.
1289 2817 1334 2865 Sis

206 2911 248 2954 es,
272 2897 315 2959 qui
342 2894 465 2958 loqueris?
490 2893 550 2941 Ille:
575 2893 618 2940 ita.
659 2891 747 2939 Durus
786 2892 866 2938 sutis.-
884 2895 928 2942 hoo
945 2898 996 2950 est,
1017 2895 1054 2942 Ut
1064 2895 1143 2942 vitale
1150 2900 1233 2956 putes.
1258 2895 1331 2944 Ami-

205 2989 270 3024 sum.
305 2976 441 3028 Ausculto,
457 2979 485 3018 ut
500 2971 584 3019 Plaut.
601 2970 714 3019 Trinum.
725 2970 747 3018 1.
788 2980 845 3015 eum
861 2975 885 3016 te
902 2971 1002 3017 domino
1024 2970 1091 3018 dicis.
1117 2970 1162 3019 An
1185 2971 1252 3034 frugi
1273 2987 1332 3036 quo

205 3067 234 3101 n.
255 3055 308 3102 lll.
336 3053 469 3107 Ausculto,
493 3053 517 3097 st
541 3049 602 3110 quid
621 3049 705 3103 uuas,
723 3052 748 3093 et
788 3059 836 3107 que
863 3061 902 3108 es,
931 3056 960 3095 ut
985 3049 1099 3097 dominus
1121 3049 1166 3097 tibi
1185 3050 1331 3113 possitesso

205 3145 244 3180 vs.
261 3133 303 3180 61.
319 3135 440 3192 exspreto,
457 3129 480 3175 si
496 3128 559 3190 quid
574 3127 650 3174 dieas.
677 3125 749 3173 Mitt
789 3125 901 3173 amiens?
925 3125 961 3173 sic
976 3129 1035 3175 satis
1052 3127 1118 3189 frugi
1140 3141 1209 3185 sum,
1230 3128 1265 3176 sit
1279 3129 1331 3178 Da·

203 3214 300 3267 dicere,
316 3208 366 3258 fers
383 3213 420 3256 est
436 3209 465 3255 in
481 3222 528 3255 nse.
561 3205 662 3255 Suetou.
683 3204 747 3253 Ves-
789 3218 847 3262 vus,
865 3218 916 3252 non
932 3204 1089 3267 ultraquam
1109 3204 1169 3254 setis
1185 3213 1235 3262 est,
1251 3220 1331 3270 neque

204 3304 258 3355 pas.
270 3290 311 3337 20.
327 3288 421 3351 Deque
431 3286 513 3349 (vultu
521 3283 748 3348 Vespasianiqussi
788 3291 816 3331 ut
836 3291 895 3332 ante
915 3284 981 3332 diem
1007 3283 1039 3331 ob
1060 3283 1162 3334 nimiam
1182 3285 1329 3348 probitatem

203 3367 317 3430 nitentis)
331 3369 434 3430 puidam
451 3368 604 3414 urbanorum
615 3379 664 3412 noa
679 3364 747 3424 iufa-
788 3367 921 3414 moriturus
937 3367 996 3414 sim:
1017 3365 1172 3414 mediocriter
1187 3373 1285 3425 tamen,
1301 3375 1330 3416 ut

204 3454 266 3498 sete:
291 3450 315 3496 st
339 3449 436 3510 quidem
456 3446 565 3508 petenti,
589 3449 619 3491 at
639 3449 664 3492 et
679 3443 707 3490 ιἰι
723 3458 748 3492 ιο
787 3452 915 3494 oontentus
940 3457 1005 3493 essse
1029 3444 1115 3507 possis.
1150 3444 1270 3493 Formuls
1295 3446 1331 3494 sie

204 3528 306 3590 aliquid
317 3529 422 3576 diceret:
436 3521 639 3584 dicamque,
655 3523 677 3568 ti
690 3537 746 3570 rea·
787 3529 851 3574 satis
875 3532 934 3573 nota
960 3538 992 3572 ex
1019 3524 1135 3572 Terentio
1159 3524 1250 3573 Hesut.
1278 3524 1330 3574 111.
1374 3541 1378 3550 ¹

206 3613 273 3654 trem
292 3619 427 3655 exonerare
451 3604 561 3652 desieris.
596 3599 674 3662 saepe
702 3601 748 3648 tibi
787 3619 817 3654 11.
836 3606 873 3654 la
907 3607 947 3652 Et
970 3606 1070 3666 quidem
1092 3605 1173 3651 tercie
1186 3603 1276 3666 sernia
1293 3607 1330 3653 lu-

205 3688 261 3735 dico
285 3683 411 3747 eliquanto
427 3682 484 3745 plus
508 3680 645 3744 siguificat,
669 3687 694 3729 tt
710 3687 747 3728 θεῖ
787 3684 908 3733 sulcata?
929 3683 1060 3746 respondet
1075 3681 1208 3732 Chremes:
1234 3684 1276 3734 ste
1292 3698 1330 3732 aa·

205 3763 317 3827 graviter
332 3763 481 3826 increpantis
491 3776 521 3809 ae
537 3759 665 3809 minantis:
682 3759 746 3808 conf.
788 3765 830 3812 tia.
848 3763 923 3814 Cous.
934 3761 1017 3812 BeutL
1033 3763 1065 3810 sd
1082 3764 1172 3810 Heaut
1188 3763 1237 3812 IV.
1254 3776 1281 3812 v,
1289 3764 1331 3812 22.

206 3844 295 3892 Burin.
312 3843 344 3890 sd
360 3842 469 3891 Phaedri
484 3842 533 3891 IV.
553 3842 590 3890 19.
611 3841 668 3888 Tibi
684 3842 746 3899 dico,
788 3844 827 3891 Et
856 3858 950 3906 qaoque
976 3841 1103 3890 illustrant
1126 3843 1270 3906 interpretes
1298 3844 1330 3891 sd

206 3937 296 3980 auare,
328 3923 449 3985 paediam
477 3922 591 3970 Maedis
623 3920 670 3966 tui.
711 3918 747 3967 Ut
787 3923 889 3972 Livium
910 3922 977 3985 Epit.
1002 3921 1043 3972 82.
1069 3923 1142 3984 Sylla
1166 3926 1250 3984 copias
1265 3924 1330 3984 repis

206 4000 296 4051 Graeei
320 4002 361 4050 σοὶ
385 3999 463 4064 λέγω,
492 3999 551 4057 tibi,
574 4013 614 4046 me
636 4012 688 4046 non
703 4012 746 4045 1111-
784 4005 880 4063 proelio
901 4002 975 4057 eicit,
999 4003 1077 4051 eaesis
1101 4004 1207 4050 testium
1231 4008 1330 4050 centum

206 4080 297 4140 otene,
313 4079 353 4129 vel
369 4093 419 4128 non
436 4076 521 4126 eudire
537 4077 671 4126 simulanti.
788 4081 938 4135 militamt
954 4081 1153 4142 castrisquoque
1170 4080 1329 4142 expostum

239 4162 299 4219 Itu,
320 4163 424 4217 Dauus,
445 4159 554 4208 ammam
586 4157 747 4218 Mampiam
821 4161 882 4221 Ape,
891 4159 1010 4205 libertate
1020 4159 1154 4206 Decembri
1168 4163 1246 4206 utere.
1268 4157 1330 4208 Sub·

205 4244 304 4292 domm
327 4248 352 4291 et
362 4241 450 4304 fraqi,
476 4240 542 4301 quod
556 4239 591 4285 eit
606 4238 686 4296 sotim
704 4238 747 4285 hoe
788 4238 845 4286 irsti
872 4235 964 4295 oratio,
991 4242 1020 4283 ut
1043 4238 1110 4285 Iovia
1138 4239 1204 4300 apud
1229 4238 1331 4287 Lucian.

205 4328 256 4380 est,
295 4323 331 4370 Ut
346 4321 425 4369 vualo
438 4322 520 4380 putes.
535 4316 594 4364 Nou
610 4314 689 4371 video,
704 4327 748 4361 eur
789 4313 1017 4367 Deor.coneil.1.
1043 4316 1086 4373 Τίς
1112 4314 1243 4380 ἀγορεύειν
1265 4317 1351 4380 iuui-v

206 4415 301 4458 θθΠῑῑθι
318 4405 445 4461 tantopere
461 4395 529 4458 loqui
544 4395 649 4450 timens,
672 4397 697 4440 Oi
712 4391 747 4455 ip·
790 4397 873 4455 iterur,¹
894 4393 989 4461 Ἐγὼὸ
1012 4397 1121 4458 Μῶμος,
1138 4393 1157 4442 ὦ
1174 4396 1233 4455 Ζεῦ,
1254 4396 1275 4443 εἴ
1290 4413 1333 4460 μοι

206 4497 263 4532 sum
278 4481 342 4528 illud
358 4477 493 4543 reformido
509 4481 560 4523 tam
581 4473 655 4521 auxie
670 4472 748 4534 prose·
791 4471 948 4538 ἐπιτρέψειας
957 4471 1045 4522 εἰπεῖν.
1058 4471 1165 4535 Iupiter:
1176 4473 1205 4522 τὸ
1218 4471 1331 4538 κήρυγμα

207 4577 275 4625 reus,
290 4547 372 4610 subito
389 4566 424 4607 tot
441 4556 520 4606 verbis
538 4561 661 4610 uteretur,
681 4559 705 4600 et
722 4568 748 4601 se
790 4553 838 4615 ἠδη
854 4553 958 4617 ἐφίησιν.
992 4552 1055 4601 ὥστε
1072 4549 1144 4599 οὐδὲν
1165 4550 1224 4614 ἐμοῦ
1245 4551 1332 4612 δεήσει.

1162 4633 1223 4693 11*
