<?xml version="1.0" encoding="UTF-8"?>
<!DOCTYPE html PUBLIC "-//W3C//DTD XHTML 1.0 Transitional//EN"
    "http://www.w3.org/TR/xhtml1/DTD/xhtml1-transitional.dtd">
<html xmlns="http://www.w3.org/1999/xhtml" xml:lang="en" lang="en">
 <head>
  <title>
</title>
<meta http-equiv="Content-Type" content="text/html;charset=utf-8" />
  <meta name='ocr-system' content='tesseract 3.04.00' />
  <meta name='ocr-capabilities' content='ocr_page ocr_carea ocr_par ocr_line ocrx_word'/>
</head>
<body>
  <div class='ocr_page' id='page_1' title='image "./qhoratiiflaccis01peergoog_0193.png"; bbox 0 0 3542 5634; ppageno 0'>
   <div class='ocr_carea' id='block_1_1' title="bbox 405 522 1158 590">
    <p class='ocr_par' dir='ltr' id='par_1_1' title="bbox 405 522 1158 590">
     <span class='ocr_line' id='line_1_1' title="bbox 405 522 1158 590; baseline -0.004 -2"><span class='ocrx_word' id='word_1_1' title='bbox 405 527 467 590; x_wconf 88' lang='grc'>168</span> <span class='ocrx_word' id='word_1_2' title='bbox 778 522 1158 588; x_wconf 84' lang='lat' dir='ltr'><strong>SATIRARUM</strong></span> 
     </span>
    </p>
   </div>
   <div class='ocr_carea' id='block_1_2' title="bbox 450 710 1540 2762">
    <p class='ocr_par' dir='ltr' id='par_1_2' title="bbox 450 710 1298 800">
     <span class='ocr_line' id='line_1_2' title="bbox 450 710 1298 800; baseline -0.007 -20"><span class='ocrx_word' id='word_1_3' title='bbox 450 715 517 780; x_wconf 82' lang='lat' dir='ltr'><strong>Ibis</strong></span> <span class='ocrx_word' id='word_1_4' title='bbox 542 714 602 779; x_wconf 92' lang='lat' dir='ltr'>sub</span> <span class='ocrx_word' id='word_1_5' title='bbox 625 714 750 779; x_wconf 81' lang='lat' dir='ltr'>furcam</span> <span class='ocrx_word' id='word_1_6' title='bbox 773 715 935 800; x_wconf 89' lang='lat' dir='ltr'>prudens,</span> <span class='ocrx_word' id='word_1_7' title='bbox 959 712 1155 796; x_wconf 91' lang='lat' dir='ltr'>dominoque</span> <span class='ocrx_word' id='word_1_8' title='bbox 1178 710 1298 775; x_wconf 81' lang='lat' dir='ltr'>furenti</span> 
     </span>
    </p>

    <p class='ocr_par' dir='ltr' id='par_1_3' title="bbox 450 814 1530 1003">
     <span class='ocr_line' id='line_1_3' title="bbox 450 814 1530 899; baseline -0.007 -15"><span class='ocrx_word' id='word_1_9' title='bbox 450 817 645 884; x_wconf 76' lang='lat' dir='ltr'>Committes</span> <span class='ocrx_word' id='word_1_10' title='bbox 667 839 736 882; x_wconf 92' lang='lat' dir='ltr'>rem</span> <span class='ocrx_word' id='word_1_11' title='bbox 760 839 890 882; x_wconf 91' lang='lat' dir='ltr'>omnem</span> <span class='ocrx_word' id='word_1_12' title='bbox 912 824 946 881; x_wconf 91' lang='lat' dir='ltr'>et</span> <span class='ocrx_word' id='word_1_13' title='bbox 968 816 1072 880; x_wconf 84' lang='lat' dir='ltr'>vitam</span> <span class='ocrx_word' id='word_1_14' title='bbox 1095 820 1225 878; x_wconf 87' lang='lat' dir='ltr'>etcum</span> <span class='ocrx_word' id='word_1_15' title='bbox 1248 835 1379 899; x_wconf 90' lang='lat' dir='ltr'>corpore</span> <span class='ocrx_word' id='word_1_16' title='bbox 1396 814 1530 878; x_wconf 85' lang='lat' dir='ltr'>famam.</span> 
     </span>
     <span class='ocr_line' id='line_1_4' title="bbox 450 916 1242 1003; baseline -0.005 -18"><span class='ocrx_word' id='word_1_17' title='bbox 450 921 580 998; x_wconf 85' lang='lat' dir='ltr'>Evssti3</span> <span class='ocrx_word' id='word_1_18' title='bbox 605 921 716 1003; x_wconf 87' lang='lat' dir='ltr'>orcd0,</span> <span class='ocrx_word' id='word_1_19' title='bbox 741 932 867 986; x_wconf 90' lang='lat' dir='ltr'>metues</span> <span class='ocrx_word' id='word_1_20' title='bbox 892 920 1070 1003; x_wconf 90' lang='lat' dir='ltr'>doctusque</span> <span class='ocrx_word' id='word_1_21' title='bbox 1092 916 1242 982; x_wconf 82' lang='lat' dir='ltr'>cavebis?</span> 
     </span>
    </p>

    <p class='ocr_par' dir='ltr' id='par_1_4' title="bbox 451 1020 1377 1108">
     <span class='ocr_line' id='line_1_5' title="bbox 451 1020 1377 1108; baseline -0.002 -21"><span class='ocrx_word' id='word_1_22' title='bbox 451 1023 609 1107; x_wconf 78' lang='lat' dir='ltr'>Quaeres,</span> <span class='ocrx_word' id='word_1_23' title='bbox 633 1023 762 1108; x_wconf 79' lang='lat' dir='ltr'>quando</span> <span class='ocrx_word' id='word_1_24' title='bbox 785 1023 905 1088; x_wconf 88' lang='lat' dir='ltr'>iterum</span> <span class='ocrx_word' id='word_1_25' title='bbox 927 1044 1046 1108; x_wconf 84' lang='lat' dir='ltr'>paveas</span> <span class='ocrx_word' id='word_1_26' title='bbox 1069 1022 1251 1106; x_wconf 83' lang='lat' dir='ltr'>iterumque</span> <span class='ocrx_word' id='word_1_27' title='bbox 1273 1020 1377 1105; x_wconf 89' lang='lat' dir='ltr'>perire</span> 
     </span>
    </p>

    <p class='ocr_par' dir='ltr' id='par_1_5' title="bbox 451 1125 1287 1211">
     <span class='ocr_line' id='line_1_6' title="bbox 451 1125 1287 1211; baseline -0.001 -21"><span class='ocrx_word' id='word_1_28' title='bbox 451 1126 572 1192; x_wconf 89' lang='lat' dir='ltr'>Possis.</span> <span class='ocrx_word' id='word_1_29' title='bbox 621 1125 649 1191; x_wconf 92' lang='grc' dir='ltr'><strong>Ο</strong></span> <span class='ocrx_word' id='word_1_30' title='bbox 673 1126 770 1192; x_wconf 86' lang='lat' dir='ltr'>toties</span> <span class='ocrx_word' id='word_1_31' title='bbox 795 1127 923 1192; x_wconf 81' lang='lat' dir='ltr'>servus!</span> <span class='ocrx_word' id='word_1_32' title='bbox 948 1148 1030 1211; x_wconf 86' lang='lat' dir='ltr'>quae</span> <span class='ocrx_word' id='word_1_33' title='bbox 1051 1125 1161 1190; x_wconf 84' lang='lat' dir='ltr'>bellua</span> <span class='ocrx_word' id='word_1_34' title='bbox 1181 1125 1287 1210; x_wconf 87' lang='lat' dir='ltr'>ruptis</span> 
     </span>
    </p>

    <p class='ocr_par' dir='ltr' id='par_1_6' title="bbox 452 1228 1316 1314">
     <span class='ocr_line' id='line_1_7' title="bbox 452 1228 1316 1314; baseline -0.001 -21"><span class='ocrx_word' id='word_1_35' title='bbox 452 1228 560 1309; x_wconf 78' lang='lat' dir='ltr'>Quum</span> <span class='ocrx_word' id='word_1_36' title='bbox 586 1229 686 1294; x_wconf 90' lang='lat' dir='ltr'>semel</span> <span class='ocrx_word' id='word_1_37' title='bbox 709 1229 842 1314; x_wconf 86' lang='lat' dir='ltr'>effugit,</span> <span class='ocrx_word' id='word_1_38' title='bbox 866 1230 973 1294; x_wconf 80' lang='lat' dir='ltr'>reddit</span> <span class='ocrx_word' id='word_1_39' title='bbox 996 1251 1030 1294; x_wconf 89' lang='lat' dir='ltr'>se</span> <span class='ocrx_word' id='word_1_40' title='bbox 1052 1250 1152 1314; x_wconf 83' lang='lat' dir='ltr'>prava</span> <span class='ocrx_word' id='word_1_41' title='bbox 1174 1228 1316 1293; x_wconf 83' lang='lat' dir='ltr'>catenis?</span> 
     </span>
    </p>

    <p class='ocr_par' dir='ltr' id='par_1_7' title="bbox 452 1332 1536 1522">
     <span class='ocr_line' id='line_1_8' title="bbox 453 1332 1536 1419; baseline -0.001 -23"><span class='ocrx_word' id='word_1_42' title='bbox 453 1332 551 1416; x_wconf 88' lang='lat' dir='ltr'>„Non</span> <span class='ocrx_word' id='word_1_43' title='bbox 570 1355 643 1398; x_wconf 92' lang='lat' dir='ltr'>sum</span> <span class='ocrx_word' id='word_1_44' title='bbox 654 1334 843 1416; x_wconf 85' lang='lat' dir='ltr'>moechus,“</span> <span class='ocrx_word' id='word_1_45' title='bbox 856 1335 905 1399; x_wconf 83' lang='lat' dir='ltr'>ais</span> <span class='ocrx_word' id='word_1_46' title='bbox 914 1361 923 1412; x_wconf 93' lang='lat'>;</span> <span class='ocrx_word' id='word_1_47' title='bbox 944 1340 1048 1419; x_wconf 86' lang='lat' dir='ltr'>neque</span> <span class='ocrx_word' id='word_1_48' title='bbox 1065 1355 1136 1418; x_wconf 83' lang='lat' dir='ltr'>ego,</span> <span class='ocrx_word' id='word_1_49' title='bbox 1151 1333 1290 1415; x_wconf 83' lang='lat' dir='ltr'>hercule,</span> <span class='ocrx_word' id='word_1_50' title='bbox 1306 1332 1368 1416; x_wconf 88' lang='lat' dir='ltr'>fur,</span> <span class='ocrx_word' id='word_1_51' title='bbox 1384 1332 1440 1397; x_wconf 93' lang='lat' dir='ltr'>ubi</span> <span class='ocrx_word' id='word_1_52' title='bbox 1458 1353 1536 1396; x_wconf 81' lang='lat' dir='ltr'>vasa</span> 
     </span>
     <span class='ocr_line' id='line_1_9' title="bbox 452 1436 1292 1522; baseline -0.002 -21"><span class='ocrx_word' id='word_1_53' title='bbox 452 1436 621 1501; x_wconf 86' lang='lat' dir='ltr'>Praetereo</span> <span class='ocrx_word' id='word_1_54' title='bbox 645 1436 772 1521; x_wconf 82' lang='lat' dir='ltr'>sapiens</span> <span class='ocrx_word' id='word_1_55' title='bbox 796 1442 957 1522; x_wconf 76' lang='lat' dir='ltr'>argentea</span> <span class='ocrx_word' id='word_1_56' title='bbox 1004 1436 1094 1501; x_wconf 82' lang='lat' dir='ltr'>Tolle</span> <span class='ocrx_word' id='word_1_57' title='bbox 1116 1436 1292 1521; x_wconf 90' lang='lat' dir='ltr'>periclum,</span> 
     </span>
    </p>

    <p class='ocr_par' dir='ltr' id='par_1_8' title="bbox 454 1539 1229 1625">
     <span class='ocr_line' id='line_1_10' title="bbox 454 1539 1229 1625; baseline 0.003 -22"><span class='ocrx_word' id='word_1_58' title='bbox 454 1539 524 1603; x_wconf 87' lang='lat' dir='ltr'>Iam</span> <span class='ocrx_word' id='word_1_59' title='bbox 548 1561 631 1624; x_wconf 84' lang='lat' dir='ltr'>vsga</span> <span class='ocrx_word' id='word_1_60' title='bbox 652 1540 802 1625; x_wconf 77' lang='lat' dir='ltr'>prosiliet</span> <span class='ocrx_word' id='word_1_61' title='bbox 824 1541 924 1606; x_wconf 85' lang='lat' dir='ltr'>frenis</span> <span class='ocrx_word' id='word_1_62' title='bbox 949 1546 1065 1607; x_wconf 85' lang='lat' dir='ltr'>natura</span> <span class='ocrx_word' id='word_1_63' title='bbox 1087 1541 1229 1606; x_wconf 88' lang='lat' dir='ltr'>remotis.</span> 
     </span>
    </p>

    <p class='ocr_par' dir='ltr' id='par_1_9' title="bbox 455 1642 1400 1729">
     <span class='ocr_line' id='line_1_11' title="bbox 455 1642 1400 1729; baseline 0 -23"><span class='ocrx_word' id='word_1_64' title='bbox 455 1642 544 1706; x_wconf 83' lang='lat' dir='ltr'>Tune</span> <span class='ocrx_word' id='word_1_65' title='bbox 566 1642 649 1706; x_wconf 90' lang='lat' dir='ltr'>mihi</span> <span class='ocrx_word' id='word_1_66' title='bbox 673 1642 843 1727; x_wconf 75' lang='lat' dir='ltr'>domium,</span> <span class='ocrx_word' id='word_1_67' title='bbox 868 1666 975 1709; x_wconf 88' lang='lat' dir='ltr'>rerum</span> <span class='ocrx_word' id='word_1_68' title='bbox 998 1643 1143 1729; x_wconf 89' lang='lat' dir='ltr'>imperiis</span> <span class='ocrx_word' id='word_1_69' title='bbox 1166 1643 1400 1728; x_wconf 90' lang='lat' dir='ltr'>hominumque</span> 
     </span>
    </p>

    <p class='ocr_par' dir='ltr' id='par_1_10' title="bbox 454 1744 1414 1938">
     <span class='ocr_line' id='line_1_12' title="bbox 454 1744 1414 1834; baseline 0.003 -25"><span class='ocrx_word' id='word_1_70' title='bbox 454 1744 514 1810; x_wconf 82' lang='lat' dir='ltr'>Tot</span> <span class='ocrx_word' id='word_1_71' title='bbox 537 1746 703 1832; x_wconf 77' lang='lat' dir='ltr'>tantisque</span> <span class='ocrx_word' id='word_1_72' title='bbox 725 1746 851 1831; x_wconf 90' lang='lat' dir='ltr'>minor,</span> <span class='ocrx_word' id='word_1_73' title='bbox 878 1771 974 1834; x_wconf 91' lang='lat' dir='ltr'>quem</span> <span class='ocrx_word' id='word_1_74' title='bbox 997 1754 1047 1813; x_wconf 89' lang='lat' dir='ltr'>ter</span> <span class='ocrx_word' id='word_1_75' title='bbox 1070 1747 1216 1812; x_wconf 84' lang='lat' dir='ltr'>vindicta</span> <span class='ocrx_word' id='word_1_76' title='bbox 1238 1752 1414 1833; x_wconf 85' lang='lat' dir='ltr'>quaterque</span> 
     </span>
     <span class='ocr_line' id='line_1_13' title="bbox 458 1848 1395 1938; baseline 0.003 -25"><span class='ocrx_word' id='word_1_77' title='bbox 458 1848 618 1934; x_wconf 80' lang='lat' dir='ltr'>Imposita</span> <span class='ocrx_word' id='word_1_78' title='bbox 641 1850 728 1916; x_wconf 83' lang='lat' dir='ltr'>haud</span> <span class='ocrx_word' id='word_1_79' title='bbox 751 1875 908 1938; x_wconf 87' lang='lat' dir='ltr'>umquam</span> <span class='ocrx_word' id='word_1_80' title='bbox 930 1853 1049 1917; x_wconf 84' lang='lat' dir='ltr'>misera</span> <span class='ocrx_word' id='word_1_81' title='bbox 1071 1852 1244 1917; x_wconf 87' lang='lat' dir='ltr'>formidine</span> <span class='ocrx_word' id='word_1_82' title='bbox 1266 1851 1395 1936; x_wconf 87' lang='lat' dir='ltr'>privet?</span> 
     </span>
    </p>

    <p class='ocr_par' dir='ltr' id='par_1_11' title="bbox 455 1951 1401 2042">
     <span class='ocr_line' id='line_1_14' title="bbox 455 1951 1401 2042; baseline 0.004 -27"><span class='ocrx_word' id='word_1_83' title='bbox 455 1951 549 2017; x_wconf 89' lang='lat' dir='ltr'>Adde</span> <span class='ocrx_word' id='word_1_84' title='bbox 574 1975 688 2038; x_wconf 86' lang='lat' dir='ltr'>super,</span> <span class='ocrx_word' id='word_1_85' title='bbox 713 1955 809 2021; x_wconf 90' lang='lat' dir='ltr'>dictis</span> <span class='ocrx_word' id='word_1_86' title='bbox 834 1957 921 2042; x_wconf 93' lang='lat' dir='ltr'>quod</span> <span class='ocrx_word' id='word_1_87' title='bbox 943 1979 1008 2021; x_wconf 90' lang='lat' dir='ltr'>non</span> <span class='ocrx_word' id='word_1_88' title='bbox 1032 1957 1135 2021; x_wconf 90' lang='lat' dir='ltr'>levius</span> <span class='ocrx_word' id='word_1_89' title='bbox 1158 1956 1281 2021; x_wconf 83' lang='lat' dir='ltr'>valeat:</span> <span class='ocrx_word' id='word_1_90' title='bbox 1305 1977 1401 2037; x_wconf 87' lang='lat' dir='ltr'>nam,</span> 
     </span>
    </p>

    <p class='ocr_par' dir='ltr' id='par_1_12' title="bbox 457 2055 1277 2146">
     <span class='ocr_line' id='line_1_15' title="bbox 457 2055 1277 2146; baseline 0.005 -26"><span class='ocrx_word' id='word_1_91' title='bbox 457 2055 532 2120; x_wconf 83' lang='lat' dir='ltr'>Sive</span> <span class='ocrx_word' id='word_1_92' title='bbox 553 2055 693 2124; x_wconf 86' lang='lat' dir='ltr'>vicarius</span> <span class='ocrx_word' id='word_1_93' title='bbox 716 2065 784 2142; x_wconf 86' lang='lat' dir='ltr'>est,</span> <span class='ocrx_word' id='word_1_94' title='bbox 807 2061 864 2146; x_wconf 92' lang='lat' dir='ltr'>qui</span> <span class='ocrx_word' id='word_1_95' title='bbox 887 2082 978 2125; x_wconf 89' lang='lat' dir='ltr'>servo</span> <span class='ocrx_word' id='word_1_96' title='bbox 1000 2066 1108 2146; x_wconf 86' lang='lat' dir='ltr'>paret,</span> <span class='ocrx_word' id='word_1_97' title='bbox 1133 2061 1183 2125; x_wconf 91' lang='lat' dir='ltr'>uti</span> <span class='ocrx_word' id='word_1_98' title='bbox 1205 2081 1277 2124; x_wconf 91' lang='lat' dir='ltr'>mos</span> 
     </span>
    </p>

    <p class='ocr_par' dir='ltr' id='par_1_13' title="bbox 455 2158 1520 2454">
     <span class='ocr_line' id='line_1_16' title="bbox 457 2158 1520 2248; baseline 0.006 -27"><span class='ocrx_word' id='word_1_99' title='bbox 457 2158 574 2223; x_wconf 85' lang='lat' dir='ltr'>Vester</span> <span class='ocrx_word' id='word_1_100' title='bbox 596 2160 661 2244; x_wconf 83' lang='lat' dir='ltr'>ait,</span> <span class='ocrx_word' id='word_1_101' title='bbox 686 2183 743 2226; x_wconf 88' lang='lat' dir='ltr'>seu</span> <span class='ocrx_word' id='word_1_102' title='bbox 766 2183 958 2245; x_wconf 88' lang='lat' dir='ltr'>conservus,</span> <span class='ocrx_word' id='word_1_103' title='bbox 983 2163 1043 2228; x_wconf 84' lang='lat' dir='ltr'>tibi</span> <span class='ocrx_word' id='word_1_104' title='bbox 1068 2163 1146 2248; x_wconf 94' lang='lat' dir='ltr'>quid</span> <span class='ocrx_word' id='word_1_105' title='bbox 1169 2185 1242 2228; x_wconf 89' lang='lat' dir='ltr'>sum</span> <span class='ocrx_word' id='word_1_106' title='bbox 1266 2165 1348 2248; x_wconf 81' lang='lat' dir='ltr'>ego?</span> <span class='ocrx_word' id='word_1_107' title='bbox 1390 2163 1520 2248; x_wconf 91' lang='lat' dir='ltr'>Nempe</span> 
     </span>
     <span class='ocr_line' id='line_1_17' title="bbox 455 2261 1400 2350; baseline 0.004 -25"><span class='ocrx_word' id='word_1_108' title='bbox 455 2261 517 2344; x_wconf 85' lang='lat' dir='ltr'>Tu,</span> <span class='ocrx_word' id='word_1_109' title='bbox 542 2263 624 2326; x_wconf 89' lang='lat' dir='ltr'>mihi</span> <span class='ocrx_word' id='word_1_110' title='bbox 649 2265 704 2349; x_wconf 92' lang='lat' dir='ltr'>qui</span> <span class='ocrx_word' id='word_1_111' title='bbox 727 2266 914 2350; x_wconf 83' lang='lat' dir='ltr'>imperitas,</span> <span class='ocrx_word' id='word_1_112' title='bbox 939 2267 1013 2331; x_wconf 85' lang='lat' dir='ltr'>aliis</span> <span class='ocrx_word' id='word_1_113' title='bbox 1037 2262 1138 2332; x_wconf 85' lang='lat' dir='ltr'>servis</span> <span class='ocrx_word' id='word_1_114' title='bbox 1161 2266 1278 2349; x_wconf 91' lang='lat' dir='ltr'>miser,</span> <span class='ocrx_word' id='word_1_115' title='bbox 1302 2270 1400 2350; x_wconf 85' lang='lat' dir='ltr'>atque</span> 
     </span>
     <span class='ocr_line' id='line_1_18' title="bbox 457 2364 1247 2454; baseline 0.008 -26"><span class='ocrx_word' id='word_1_116' title='bbox 457 2364 613 2448; x_wconf 88' lang='lat' dir='ltr'>Duceris,</span> <span class='ocrx_word' id='word_1_117' title='bbox 637 2375 675 2432; x_wconf 90' lang='lat' dir='ltr'>ut</span> <span class='ocrx_word' id='word_1_118' title='bbox 698 2370 805 2434; x_wconf 82' lang='lat' dir='ltr'>nervis</span> <span class='ocrx_word' id='word_1_119' title='bbox 829 2370 944 2434; x_wconf 83' lang='lat' dir='ltr'>alienis</span> <span class='ocrx_word' id='word_1_120' title='bbox 967 2370 1088 2435; x_wconf 88' lang='lat' dir='ltr'>mobile</span> <span class='ocrx_word' id='word_1_121' title='bbox 1110 2371 1247 2454; x_wconf 84' lang='lat' dir='ltr'>lignum.</span> 
     </span>
    </p>

    <p class='ocr_par' dir='ltr' id='par_1_14' title="bbox 456 2467 1540 2762">
     <span class='ocr_line' id='line_1_19' title="bbox 458 2467 1442 2558; baseline 0.004 -26"><span class='ocrx_word' id='word_1_122' title='bbox 458 2467 616 2548; x_wconf 83' lang='lat' dir='ltr'>Quisnam</span> <span class='ocrx_word' id='word_1_123' title='bbox 639 2471 742 2556; x_wconf 83' lang='lat' dir='ltr'>igitur</span> <span class='ocrx_word' id='word_1_124' title='bbox 763 2473 868 2538; x_wconf 82' lang='lat' dir='ltr'>liber?</span> <span class='ocrx_word' id='word_1_125' title='bbox 893 2473 1042 2558; x_wconf 78' lang='lat' dir='ltr'>sepiem,</span> <span class='ocrx_word' id='word_1_126' title='bbox 1067 2473 1130 2538; x_wconf 88' lang='lat' dir='ltr'>sibi</span> <span class='ocrx_word' id='word_1_127' title='bbox 1153 2475 1208 2558; x_wconf 93' lang='lat' dir='ltr'>qui</span> <span class='ocrx_word' id='word_1_128' title='bbox 1231 2472 1442 2558; x_wconf 76' lang='lat' dir='ltr'>imperiosuS,</span> 
     </span>
     <span class='ocr_line' id='line_1_20' title="bbox 456 2570 1540 2661; baseline 0.003 -26"><span class='ocrx_word' id='word_1_129' title='bbox 456 2570 560 2650; x_wconf 80' lang='lat' dir='ltr'>Quem</span> <span class='ocrx_word' id='word_1_130' title='bbox 584 2595 688 2659; x_wconf 90' lang='lat' dir='ltr'>neque</span> <span class='ocrx_word' id='word_1_131' title='bbox 706 2576 875 2660; x_wconf 84' lang='lat' dir='ltr'>pauperies</span> <span class='ocrx_word' id='word_1_132' title='bbox 900 2598 1003 2660; x_wconf 90' lang='lat' dir='ltr'>neque</span> <span class='ocrx_word' id='word_1_133' title='bbox 1026 2588 1113 2640; x_wconf 89' lang='lat' dir='ltr'>mors</span> <span class='ocrx_word' id='word_1_134' title='bbox 1137 2599 1240 2661; x_wconf 90' lang='lat' dir='ltr'>neque</span> <span class='ocrx_word' id='word_1_135' title='bbox 1257 2576 1388 2640; x_wconf 85' lang='lat' dir='ltr'>vincula</span> <span class='ocrx_word' id='word_1_136' title='bbox 1403 2580 1540 2657; x_wconf 88' lang='lat' dir='ltr'>terrent,</span> 
     </span>
     <span class='ocr_line' id='line_1_21' title="bbox 456 2673 1294 2762; baseline 0.007 -25"><span class='ocrx_word' id='word_1_137' title='bbox 456 2673 659 2760; x_wconf 81' lang='lat' dir='ltr'>Responsum</span> <span class='ocrx_word' id='word_1_138' title='bbox 681 2678 906 2762; x_wconf 82' lang='lat' dir='ltr'>cupidinibus,</span> <span class='ocrx_word' id='word_1_139' title='bbox 930 2684 1135 2744; x_wconf 88' lang='lat' dir='ltr'>contemnere</span> <span class='ocrx_word' id='word_1_140' title='bbox 1158 2680 1294 2744; x_wconf 85' lang='lat' dir='ltr'>honores</span> 
     </span>
    </p>
   </div>
   <div class='ocr_carea' id='block_1_3' title="bbox 347 2855 1540 4583">
    <p class='ocr_par' dir='ltr' id='par_1_15' title="bbox 411 2855 1540 3160">
     <span class='ocr_line' id='line_1_22' title="bbox 444 2855 1540 2922; baseline -0.001 -16"><span class='ocrx_word' id='word_1_141' title='bbox 444 2861 502 2908; x_wconf 78' lang='lat' dir='ltr'>Ibis</span> <span class='ocrx_word' id='word_1_142' title='bbox 517 2862 563 2908; x_wconf 82' lang='lat' dir='ltr'>sab</span> <span class='ocrx_word' id='word_1_143' title='bbox 574 2859 679 2922; x_wconf 85' lang='lat' dir='ltr'>furcam</span> <span class='ocrx_word' id='word_1_144' title='bbox 693 2861 813 2921; x_wconf 78' lang='lat' dir='ltr'>prodens.</span> <span class='ocrx_word' id='word_1_145' title='bbox 848 2856 903 2904; x_wconf 85' lang='lat' dir='ltr'>Iam</span> <span class='ocrx_word' id='word_1_146' title='bbox 920 2855 953 2902; x_wconf 92' lang='lat' dir='ltr'>le·</span> <span class='ocrx_word' id='word_1_147' title='bbox 994 2857 1094 2905; x_wconf 80' lang='lat' dir='ltr'>stolida.</span> <span class='ocrx_word' id='word_1_148' title='bbox 1128 2859 1162 2906; x_wconf 83' lang='lat' dir='ltr'>Et</span> <span class='ocrx_word' id='word_1_149' title='bbox 1183 2871 1230 2920; x_wconf 81' lang='lat' dir='ltr'>ego</span> <span class='ocrx_word' id='word_1_150' title='bbox 1251 2856 1344 2904; x_wconf 83' lang='lat' dir='ltr'>dubito.</span> <span class='ocrx_word' id='word_1_151' title='bbox 1378 2855 1540 2905; x_wconf 80' lang='lat' dir='ltr'>conieceram</span> 
     </span>
     <span class='ocr_line' id='line_1_23' title="bbox 412 2934 1540 3000; baseline -0.002 -14"><span class='ocrx_word' id='word_1_152' title='bbox 412 2939 520 3000; x_wconf 83' lang='lat' dir='ltr'>gendum</span> <span class='ocrx_word' id='word_1_153' title='bbox 545 2941 703 3000; x_wconf 77' lang='lat' dir='ltr'>imprudens:</span> <span class='ocrx_word' id='word_1_154' title='bbox 721 2934 886 3000; x_wconf 84' lang='lat' dir='ltr'>imprudentia</span> <span class='ocrx_word' id='word_1_155' title='bbox 903 2943 954 2993; x_wconf 83' lang='lat' dir='ltr'>tua,</span> <span class='ocrx_word' id='word_1_156' title='bbox 994 2938 1078 2984; x_wconf 82' lang='lat' dir='ltr'>reddit</span> <span class='ocrx_word' id='word_1_157' title='bbox 1096 2951 1122 2984; x_wconf 85' lang='lat' dir='ltr'>se</span> <span class='ocrx_word' id='word_1_158' title='bbox 1139 2942 1245 2998; x_wconf 71' lang='lat' dir='ltr'>experta</span> <span class='ocrx_word' id='word_1_159' title='bbox 1269 2938 1372 2984; x_wconf 76' lang='lat' dir='ltr'>catenis.</span> <span class='ocrx_word' id='word_1_160' title='bbox 1407 2934 1456 2985; x_wconf 86' lang='lat' dir='ltr'>Sed</span> <span class='ocrx_word' id='word_1_161' title='bbox 1473 2935 1540 2986; x_wconf 84' lang='lat' dir='ltr'>Cru-</span> 
     </span>
     <span class='ocr_line' id='line_1_24' title="bbox 411 3012 1539 3080; baseline 0 -16"><span class='ocrx_word' id='word_1_162' title='bbox 411 3017 469 3080; x_wconf 87' lang='lat' dir='ltr'>quia</span> <span class='ocrx_word' id='word_1_163' title='bbox 485 3018 638 3066; x_wconf 79' lang='lat' dir='ltr'>voluntatem</span> <span class='ocrx_word' id='word_1_164' title='bbox 649 3016 759 3066; x_wconf 85' lang='lat' dir='ltr'>mulieris</span> <span class='ocrx_word' id='word_1_165' title='bbox 772 3031 823 3064; x_wconf 89' lang='lat' dir='ltr'>non</span> <span class='ocrx_word' id='word_1_166' title='bbox 831 3014 900 3078; x_wconf 89' lang='lat' dir='ltr'>prius</span> <span class='ocrx_word' id='word_1_167' title='bbox 911 3028 953 3062; x_wconf 84' lang='lat' dir='ltr'>ex·</span> <span class='ocrx_word' id='word_1_168' title='bbox 993 3013 1066 3075; x_wconf 89' lang='lat' dir='ltr'>quius</span> <span class='ocrx_word' id='word_1_169' title='bbox 1082 3013 1108 3060; x_wconf 91' lang='lat' dir='ltr'>in</span> <span class='ocrx_word' id='word_1_170' title='bbox 1125 3012 1186 3062; x_wconf 83' lang='lat' dir='ltr'>Cod.</span> <span class='ocrx_word' id='word_1_171' title='bbox 1197 3013 1287 3062; x_wconf 83' lang='lat' dir='ltr'>Diraei</span> <span class='ocrx_word' id='word_1_172' title='bbox 1298 3013 1387 3076; x_wconf 83' lang='lat' dir='ltr'>legisse</span> <span class='ocrx_word' id='word_1_173' title='bbox 1402 3015 1449 3062; x_wconf 88' lang='lat' dir='ltr'>sibi</span> <span class='ocrx_word' id='word_1_174' title='bbox 1468 3015 1539 3064; x_wconf 80' lang='lat' dir='ltr'>vide·</span> 
     </span>
     <span class='ocr_line' id='line_1_25' title="bbox 411 3091 1538 3160; baseline 0 -17"><span class='ocrx_word' id='word_1_175' title='bbox 411 3095 562 3158; x_wconf 84' lang='lat' dir='ltr'>ploraveras,</span> <span class='ocrx_word' id='word_1_176' title='bbox 570 3111 645 3160; x_wconf 86' lang='lat' dir='ltr'>quam</span> <span class='ocrx_word' id='word_1_177' title='bbox 653 3096 685 3144; x_wconf 88' lang='lat' dir='ltr'>ab</span> <span class='ocrx_word' id='word_1_178' title='bbox 695 3095 786 3144; x_wconf 83' lang='lat' dir='ltr'>ancilla</span> <span class='ocrx_word' id='word_1_179' title='bbox 795 3094 953 3142; x_wconf 83' lang='lat' dir='ltr'>induceretis.</span> <span class='ocrx_word' id='word_1_180' title='bbox 993 3091 1066 3139; x_wconf 83' lang='lat' dir='ltr'>betur</span> <span class='ocrx_word' id='word_1_181' title='bbox 1087 3095 1169 3154; x_wconf 79' lang='lat' dir='ltr'>priva.</span> <span class='ocrx_word' id='word_1_182' title='bbox 1201 3092 1315 3142; x_wconf 84' lang='lat' dir='ltr'>Verbum</span> <span class='ocrx_word' id='word_1_183' title='bbox 1335 3093 1413 3154; x_wconf 83' lang='lat' dir='ltr'>igitur</span> <span class='ocrx_word' id='word_1_184' title='bbox 1434 3095 1538 3143; x_wconf 88' lang='lat' dir='ltr'>obscure</span> 
     </span>
    </p>

    <p class='ocr_par' dir='ltr' id='par_1_16' title="bbox 347 3171 1537 4108">
     <span class='ocr_line' id='line_1_26' title="bbox 447 3171 1537 3239; baseline -0.002 -15"><span class='ocrx_word' id='word_1_185' title='bbox 447 3176 882 3239; x_wconf 79' lang='lat' dir='ltr'>Quaeres,quaadaiterampuaeas.</span> <span class='ocrx_word' id='word_1_186' title='bbox 900 3172 953 3221; x_wconf 92' lang='lat' dir='ltr'>Me·</span> <span class='ocrx_word' id='word_1_187' title='bbox 993 3172 1110 3234; x_wconf 88' lang='lat' dir='ltr'>scriptum</span> <span class='ocrx_word' id='word_1_188' title='bbox 1131 3179 1191 3220; x_wconf 82' lang='lat' dir='ltr'>erat.</span> <span class='ocrx_word' id='word_1_189' title='bbox 1224 3171 1316 3219; x_wconf 80' lang='lat' dir='ltr'>Fuitne</span> <span class='ocrx_word' id='word_1_190' title='bbox 1334 3174 1429 3233; x_wconf 84' lang='lat' dir='ltr'>praee?</span> <span class='ocrx_word' id='word_1_191' title='bbox 1466 3175 1537 3232; x_wconf 85' lang='lat' dir='ltr'>Quae</span> 
     </span>
     <span class='ocr_line' id='line_1_27' title="bbox 411 3251 1534 3318; baseline 0 -18"><span class='ocrx_word' id='word_1_192' title='bbox 411 3252 470 3302; x_wconf 90' lang='lat' dir='ltr'>lius:</span> <span class='ocrx_word' id='word_1_193' title='bbox 494 3269 584 3316; x_wconf 85' lang='lat' dir='ltr'>pecces.</span> <span class='ocrx_word' id='word_1_194' title='bbox 623 3253 660 3303; x_wconf 89' lang='lat' dir='ltr'>Ut</span> <span class='ocrx_word' id='word_1_195' title='bbox 686 3255 713 3303; x_wconf 91' lang='lat' dir='ltr'>in</span> <span class='ocrx_word' id='word_1_196' title='bbox 737 3253 856 3318; x_wconf 89' lang='lat' dir='ltr'>principio</span> <span class='ocrx_word' id='word_1_197' title='bbox 880 3252 953 3300; x_wconf 88' lang='lat' dir='ltr'>huius</span> <span class='ocrx_word' id='word_1_198' title='bbox 993 3251 1075 3298; x_wconf 82' lang='lat' dir='ltr'>bellua</span> <span class='ocrx_word' id='word_1_199' title='bbox 1091 3251 1189 3312; x_wconf 76' lang='lat' dir='ltr'>ruptis,</span> <span class='ocrx_word' id='word_1_200' title='bbox 1225 3251 1311 3307; x_wconf 84' lang='lat' dir='ltr'>Quum</span> <span class='ocrx_word' id='word_1_201' title='bbox 1333 3253 1408 3298; x_wconf 73' lang='lat' dir='ltr'>senui</span> <span class='ocrx_word' id='word_1_202' title='bbox 1428 3252 1534 3313; x_wconf 69' lang='lat' dir='ltr'>effecit,</span> 
     </span>
     <span class='ocr_line' id='line_1_28' title="bbox 411 3327 1536 3390; baseline 0.004 -11"><span class='ocrx_word' id='word_1_203' title='bbox 411 3332 540 3382; x_wconf 87' lang='lat' dir='ltr'>orationis:</span> <span class='ocrx_word' id='word_1_204' title='bbox 558 3335 654 3383; x_wconf 82' lang='lat' dir='ltr'>Pereat</span> <span class='ocrx_word' id='word_1_205' title='bbox 670 3339 727 3384; x_wconf 80' lang='lat' dir='ltr'>ater</span> <span class='ocrx_word' id='word_1_206' title='bbox 744 3339 859 3382; x_wconf 80' lang='lat' dir='ltr'>nastrum</span> <span class='ocrx_word' id='word_1_207' title='bbox 881 3347 954 3382; x_wconf 79' lang='lat' dir='ltr'>crare</span> <span class='ocrx_word' id='word_1_208' title='bbox 993 3330 1121 3386; x_wconf 67' lang='lat' dir='ltr'>reddit-5³,</span> <span class='ocrx_word' id='word_1_209' title='bbox 1132 3345 1223 3390; x_wconf 67' lang='lat' dir='ltr'>prave,</span> <span class='ocrx_word' id='word_1_210' title='bbox 1240 3331 1352 3378; x_wconf 58' lang='lat' dir='ltr'>vatem?</span> <span class='ocrx_word' id='word_1_211' title='bbox 1369 3327 1455 3378; x_wconf 60' lang='lat' dir='ltr'>Oratio</span> <span class='ocrx_word' id='word_1_212' title='bbox 1468 3329 1536 3378; x_wconf 72' lang='lat' dir='ltr'>Davi</span> 
     </span>
     <span class='ocr_line' id='line_1_29' title="bbox 410 3407 1535 3475; baseline 0 -18"><span class='ocrx_word' id='word_1_213' title='bbox 410 3413 517 3474; x_wconf 66' lang='lat' dir='ltr'>deputas.</span> <span class='ocrx_word' id='word_1_214' title='bbox 554 3413 694 3475; x_wconf 79' lang='lat' dir='ltr'>Appuleius</span> <span class='ocrx_word' id='word_1_215' title='bbox 720 3413 827 3475; x_wconf 84' lang='lat' dir='ltr'>Apolog.</span> <span class='ocrx_word' id='word_1_216' title='bbox 849 3427 872 3474; x_wconf 88' lang='lat' dir='ltr'>p.</span> <span class='ocrx_word' id='word_1_217' title='bbox 895 3411 952 3459; x_wconf 81' lang='lat'><strong>383.</strong></span> <span class='ocrx_word' id='word_1_218' title='bbox 992 3407 1021 3456; x_wconf 90' lang='lat' dir='ltr'>fit</span> <span class='ocrx_word' id='word_1_219' title='bbox 1042 3423 1139 3471; x_wconf 87' lang='lat' dir='ltr'>semper</span> <span class='ocrx_word' id='word_1_220' title='bbox 1163 3409 1338 3457; x_wconf 85' lang='lat' dir='ltr'>vehementior.</span> <span class='ocrx_word' id='word_1_221' title='bbox 1372 3408 1414 3458; x_wconf 88' lang='lat' dir='ltr'>Sic</span> <span class='ocrx_word' id='word_1_222' title='bbox 1439 3417 1535 3469; x_wconf 83' lang='lat' dir='ltr'>autem,</span> 
     </span>
     <span class='ocr_line' id='line_1_30' title="bbox 412 3487 1534 3555; baseline 0 -16"><span class='ocrx_word' id='word_1_223' title='bbox 412 3490 528 3555; x_wconf 81' lang='lat' dir='ltr'>Namque</span> <span class='ocrx_word' id='word_1_224' title='bbox 554 3498 684 3553; x_wconf 82' lang='lat' dir='ltr'>peccatam</span> <span class='ocrx_word' id='word_1_225' title='bbox 708 3495 793 3548; x_wconf 83' lang='lat' dir='ltr'>semel,</span> <span class='ocrx_word' id='word_1_226' title='bbox 823 3496 852 3539; x_wconf 86' lang='lat' dir='ltr'>at</span> <span class='ocrx_word' id='word_1_227' title='bbox 877 3492 954 3539; x_wconf 82' lang='lat' dir='ltr'>bonus</span> <span class='ocrx_word' id='word_1_228' title='bbox 992 3502 1052 3550; x_wconf 89' lang='lat' dir='ltr'>quos</span> <span class='ocrx_word' id='word_1_229' title='bbox 1081 3488 1138 3536; x_wconf 87' lang='lat' dir='ltr'>irati</span> <span class='ocrx_word' id='word_1_230' title='bbox 1161 3487 1376 3551; x_wconf 80' lang='lat' dir='ltr'>reprehendimus,</span> <span class='ocrx_word' id='word_1_231' title='bbox 1403 3488 1429 3536; x_wconf 91' lang='lat' dir='ltr'>in</span> <span class='ocrx_word' id='word_1_232' title='bbox 1453 3490 1534 3539; x_wconf 86' lang='lat' dir='ltr'>medio</span> 
     </span>
     <span class='ocr_line' id='line_1_31' title="bbox 411 3568 1532 3632; baseline 0.003 -16"><span class='ocrx_word' id='word_1_233' title='bbox 411 3571 513 3631; x_wconf 79' lang='lat' dir='ltr'>quisque</span> <span class='ocrx_word' id='word_1_234' title='bbox 532 3575 621 3632; x_wconf 79' lang='lat' dir='ltr'>postea</span> <span class='ocrx_word' id='word_1_235' title='bbox 638 3573 770 3620; x_wconf 82' lang='lat' dir='ltr'>sollicitius</span> <span class='ocrx_word' id='word_1_236' title='bbox 792 3575 875 3628; x_wconf 81' lang='lat' dir='ltr'>cavet,</span> <span class='ocrx_word' id='word_1_237' title='bbox 900 3571 953 3628; x_wconf 77' lang='lat' dir='ltr'>ita,</span> <span class='ocrx_word' id='word_1_238' title='bbox 993 3569 1126 3617; x_wconf 84' lang='lat' dir='ltr'>verborum</span> <span class='ocrx_word' id='word_1_239' title='bbox 1150 3583 1225 3616; x_wconf 86' lang='lat' dir='ltr'>cursu</span> <span class='ocrx_word' id='word_1_240' title='bbox 1252 3568 1409 3632; x_wconf 83' lang='lat' dir='ltr'>elloquimur.</span> <span class='ocrx_word' id='word_1_241' title='bbox 1444 3569 1532 3619; x_wconf 80' lang='lat' dir='ltr'>Horat.</span> 
     </span>
     <span class='ocr_line' id='line_1_32' title="bbox 347 3647 1533 3711; baseline 0.005 -19"><span class='ocrx_word' id='word_1_242' title='bbox 347 3647 350 3653; x_wconf 83' lang='lat'><em>&#39;</em></span> <span class='ocrx_word' id='word_1_243' title='bbox 411 3647 456 3707; x_wconf 77' lang='lat' dir='ltr'>qai</span> <span class='ocrx_word' id='word_1_244' title='bbox 472 3649 569 3709; x_wconf 65' lang='lat' dir='ltr'>incenia</span> <span class='ocrx_word' id='word_1_245' title='bbox 586 3651 667 3696; x_wconf 75' lang='lat' dir='ltr'>oratus</span> <span class='ocrx_word' id='word_1_246' title='bbox 682 3649 953 3711; x_wconf 79' lang='lat' dir='ltr'>est,coafideatiusin-</span> <span class='ocrx_word' id='word_1_247' title='bbox 992 3648 1033 3696; x_wconf 86' lang='lat' dir='ltr'>inf.</span> <span class='ocrx_word' id='word_1_248' title='bbox 1051 3649 1091 3697; x_wconf 75' lang='lat'>95.</span> <span class='ocrx_word' id='word_1_249' title='bbox 1114 3651 1158 3698; x_wconf 86' lang='lat' dir='ltr'>Vel</span> <span class='ocrx_word' id='word_1_250' title='bbox 1167 3665 1224 3698; x_wconf 85' lang='lat' dir='ltr'>eam</span> <span class='ocrx_word' id='word_1_251' title='bbox 1242 3651 1373 3696; x_wconf 75' lang='lat' dir='ltr'>Pausiaca</span> <span class='ocrx_word' id='word_1_252' title='bbox 1390 3652 1533 3711; x_wconf 62' lang='lat' dir='ltr'>torpeam-</span> 
     </span>
     <span class='ocr_line' id='line_1_33' title="bbox 412 3725 1534 3787; baseline 0.007 -18"><span class='ocrx_word' id='word_1_253' title='bbox 412 3729 502 3784; x_wconf 74' lang='lat' dir='ltr'>teprat.</span> <span class='ocrx_word' id='word_1_254' title='bbox 530 3725 594 3773; x_wconf 78' lang='lat' dir='ltr'>Tota</span> <span class='ocrx_word' id='word_1_255' title='bbox 610 3727 678 3775; x_wconf 85' lang='lat' dir='ltr'>Davi</span> <span class='ocrx_word' id='word_1_256' title='bbox 699 3727 777 3774; x_wconf 83' lang='lat' dir='ltr'>oratio</span> <span class='ocrx_word' id='word_1_257' title='bbox 798 3732 911 3773; x_wconf 80' lang='lat' dir='ltr'>versetur</span> <span class='ocrx_word' id='word_1_258' title='bbox 927 3726 954 3774; x_wconf 90' lang='lat' dir='ltr'>in</span> <span class='ocrx_word' id='word_1_259' title='bbox 992 3741 1064 3785; x_wconf 83' lang='lat' dir='ltr'>sane,</span> <span class='ocrx_word' id='word_1_260' title='bbox 1084 3730 1184 3776; x_wconf 79' lang='lat' dir='ltr'>tabella.</span> <span class='ocrx_word' id='word_1_261' title='bbox 1210 3727 1285 3776; x_wconf 83' lang='lat' dir='ltr'>Sstir.</span> <span class='ocrx_word' id='word_1_262' title='bbox 1302 3728 1340 3776; x_wconf 91' lang='lat'>11.</span> <span class='ocrx_word' id='word_1_263' title='bbox 1353 3729 1443 3776; x_wconf 83' lang='lat' dir='ltr'>v1.29.</span> <span class='ocrx_word' id='word_1_264' title='bbox 1464 3730 1534 3787; x_wconf 81' lang='lat' dir='ltr'>Quid</span> 
     </span>
     <span class='ocr_line' id='line_1_34' title="bbox 411 3787 1532 3869; baseline 0.002 -20"><span class='ocrx_word' id='word_1_265' title='bbox 411 3816 454 3860; x_wconf 87' lang='lat' dir='ltr'>eo,</span> <span class='ocrx_word' id='word_1_266' title='bbox 470 3811 498 3851; x_wconf 89' lang='lat' dir='ltr'>ut</span> <span class='ocrx_word' id='word_1_267' title='bbox 510 3804 666 3866; x_wconf 86' lang='lat' dir='ltr'>demonstret,</span> <span class='ocrx_word' id='word_1_268' title='bbox 678 3813 729 3854; x_wconf 86' lang='lat' dir='ltr'>tam</span> <span class='ocrx_word' id='word_1_269' title='bbox 740 3806 867 3854; x_wconf 88' lang='lat' dir='ltr'>dominum</span> <span class='ocrx_word' id='word_1_270' title='bbox 878 3787 968 3869; x_wconf 79' lang='lat' dir='ltr'>qusm⁰</span> <span class='ocrx_word' id='word_1_271' title='bbox 992 3808 1039 3854; x_wconf 78' lang='lat' dir='ltr'>tibi</span> <span class='ocrx_word' id='word_1_272' title='bbox 1063 3807 1113 3862; x_wconf 81' lang='lat' dir='ltr'>eis,</span> <span class='ocrx_word' id='word_1_273' title='bbox 1138 3809 1233 3856; x_wconf 80' lang='lat' dir='ltr'>insane.</span> <span class='ocrx_word' id='word_1_274' title='bbox 1267 3807 1366 3855; x_wconf 83' lang='lat' dir='ltr'>Lucret.</span> <span class='ocrx_word' id='word_1_275' title='bbox 1386 3805 1438 3855; x_wconf 94' lang='lat' dir='ltr'>III.</span> <span class='ocrx_word' id='word_1_276' title='bbox 1463 3807 1532 3856; x_wconf 79' lang='lat'>1039.</span> 
     </span>
     <span class='ocr_line' id='line_1_35' title="bbox 412 3885 1534 3951; baseline 0.007 -24"><span class='ocrx_word' id='word_1_277' title='bbox 412 3894 512 3930; x_wconf 80' lang='lat' dir='ltr'>servum</span> <span class='ocrx_word' id='word_1_278' title='bbox 527 3899 644 3945; x_wconf 84' lang='lat' dir='ltr'>peccare,</span> <span class='ocrx_word' id='word_1_279' title='bbox 665 3893 690 3934; x_wconf 87' lang='lat' dir='ltr'>et</span> <span class='ocrx_word' id='word_1_280' title='bbox 711 3885 782 3934; x_wconf 90' lang='lat' dir='ltr'>illum</span> <span class='ocrx_word' id='word_1_281' title='bbox 803 3885 880 3947; x_wconf 80' lang='lat' dir='ltr'>peius,</span> <span class='ocrx_word' id='word_1_282' title='bbox 912 3885 954 3933; x_wconf 84' lang='lat' dir='ltr'>Ita</span> <span class='ocrx_word' id='word_1_283' title='bbox 996 3886 1049 3942; x_wconf 80' lang='lat' dir='ltr'>Qui</span> <span class='ocrx_word' id='word_1_284' title='bbox 1073 3888 1159 3934; x_wconf 72' lang='lat' dir='ltr'>oreltar</span> <span class='ocrx_word' id='word_1_285' title='bbox 1185 3889 1287 3945; x_wconf 75' lang='lat' dir='ltr'>mattis,</span> <span class='ocrx_word' id='word_1_286' title='bbox 1311 3902 1386 3949; x_wconf 81' lang='lat' dir='ltr'>qaam</span> <span class='ocrx_word' id='word_1_287' title='bbox 1404 3892 1450 3945; x_wconf 84' lang='lat' dir='ltr'>ta,</span> <span class='ocrx_word' id='word_1_288' title='bbox 1460 3888 1534 3951; x_wconf 80' lang='lat' dir='ltr'>suit,</span> 
     </span>
     <span class='ocr_line' id='line_1_36' title="bbox 411 3959 1533 4029; baseline 0.003 -18"><span class='ocrx_word' id='word_1_289' title='bbox 411 3975 447 4009; x_wconf 87' lang='lat' dir='ltr'>vs.</span> <span class='ocrx_word' id='word_1_290' title='bbox 466 3961 505 4012; x_wconf 89' lang='grc'>96.</span> <span class='ocrx_word' id='word_1_291' title='bbox 522 3963 572 4024; x_wconf 81' lang='lat' dir='ltr'>Qui</span> <span class='ocrx_word' id='word_1_292' title='bbox 586 3980 675 4027; x_wconf 83' lang='lat' dir='ltr'>peccas</span> <span class='ocrx_word' id='word_1_293' title='bbox 691 3959 781 4014; x_wconf 57' lang='lat' dir='ltr'>minusss</span> <span class='ocrx_word' id='word_1_294' title='bbox 799 3964 852 4015; x_wconf 87' lang='lat'>109.</span> <span class='ocrx_word' id='word_1_295' title='bbox 870 3979 903 4012; x_wconf 89' lang='lat' dir='ltr'>an</span> <span class='ocrx_word' id='word_1_296' title='bbox 913 3964 953 4012; x_wconf 92' lang='lat' dir='ltr'>bic</span> <span class='ocrx_word' id='word_1_297' title='bbox 992 3967 1115 4027; x_wconf 82' lang='lat' dir='ltr'>improbe,</span> <span class='ocrx_word' id='word_1_298' title='bbox 1143 3969 1221 4014; x_wconf 82' lang='lat' dir='ltr'>rebus.</span> <span class='ocrx_word' id='word_1_299' title='bbox 1254 3966 1353 4015; x_wconf 88' lang='lat' dir='ltr'>Acerba</span> <span class='ocrx_word' id='word_1_300' title='bbox 1368 3966 1533 4029; x_wconf 82' lang='lat' dir='ltr'>exprobratio.</span> 
     </span>
     <span class='ocr_line' id='line_1_37' title="bbox 409 4043 1531 4108; baseline 0.004 -18"><span class='ocrx_word' id='word_1_301' title='bbox 409 4048 506 4101; x_wconf 80' lang='lat' dir='ltr'>peccat.</span> <span class='ocrx_word' id='word_1_302' title='bbox 992 4043 1095 4102; x_wconf 76' lang='lat' dir='ltr'>Bellus,</span> <span class='ocrx_word' id='word_1_303' title='bbox 1116 4045 1211 4093; x_wconf 89' lang='lat' dir='ltr'>malum</span> <span class='ocrx_word' id='word_1_304' title='bbox 1234 4045 1310 4094; x_wconf 87' lang='lat' dir='ltr'>semel</span> <span class='ocrx_word' id='word_1_305' title='bbox 1335 4053 1450 4108; x_wconf 84' lang='lat' dir='ltr'>experta,</span> <span class='ocrx_word' id='word_1_306' title='bbox 1466 4046 1531 4094; x_wconf 89' lang='lat' dir='ltr'>idern</span> 
     </span>
    </p>

    <p class='ocr_par' dir='ltr' id='par_1_17' title="bbox 359 4121 1531 4583">
     <span class='ocr_line' id='line_1_38' title="bbox 447 4121 1531 4188; baseline 0.003 -19"><span class='ocrx_word' id='word_1_307' title='bbox 447 4121 518 4180; x_wconf 83' lang='lat' dir='ltr'>Quae</span> <span class='ocrx_word' id='word_1_308' title='bbox 542 4124 623 4171; x_wconf 81' lang='lat' dir='ltr'>bellae</span> <span class='ocrx_word' id='word_1_309' title='bbox 648 4127 747 4188; x_wconf 81' lang='lat' dir='ltr'>raptis,</span> <span class='ocrx_word' id='word_1_310' title='bbox 772 4126 866 4184; x_wconf 78' lang='lat' dir='ltr'>Quam.</span> <span class='ocrx_word' id='word_1_311' title='bbox 880 4126 953 4173; x_wconf 77' lang='lat' dir='ltr'>semd</span> <span class='ocrx_word' id='word_1_312' title='bbox 992 4130 1070 4171; x_wconf 84' lang='lat' dir='ltr'>earet.</span> <span class='ocrx_word' id='word_1_313' title='bbox 1104 4124 1159 4183; x_wconf 83' lang='lat' dir='ltr'>Ta,</span> <span class='ocrx_word' id='word_1_314' title='bbox 1180 4139 1196 4172; x_wconf 94' lang='grc' dir='ltr'>ο</span> <span class='ocrx_word' id='word_1_315' title='bbox 1212 4139 1287 4188; x_wconf 86' lang='lat' dir='ltr'>prave</span> <span class='ocrx_word' id='word_1_316' title='bbox 1308 4124 1417 4184; x_wconf 83' lang='lat' dir='ltr'>domine,</span> <span class='ocrx_word' id='word_1_317' title='bbox 1434 4125 1531 4174; x_wconf 83' lang='lat' dir='ltr'>stultior</span> 
     </span>
     <span class='ocr_line' id='line_1_39' title="bbox 359 4199 1529 4267; baseline 0.003 -20"><span class='ocrx_word' id='word_1_318' title='bbox 359 4221 363 4230; x_wconf 92' lang='lat'>·</span> <span class='ocrx_word' id='word_1_319' title='bbox 409 4199 513 4262; x_wconf 62' lang='lat' dir='ltr'>effudit,</span> <span class='ocrx_word' id='word_1_320' title='bbox 530 4203 614 4250; x_wconf 76' lang='lat' dir='ltr'>reddit</span> <span class='ocrx_word' id='word_1_321' title='bbox 630 4217 656 4252; x_wconf 88' lang='lat' dir='ltr'>se</span> <span class='ocrx_word' id='word_1_322' title='bbox 669 4219 752 4266; x_wconf 81' lang='lat' dir='ltr'>prava</span> <span class='ocrx_word' id='word_1_323' title='bbox 768 4206 881 4256; x_wconf 80' lang='lat' dir='ltr'>catenis?</span> <span class='ocrx_word' id='word_1_324' title='bbox 900 4204 953 4252; x_wconf 82' lang='lat' dir='ltr'>Ex·</span> <span class='ocrx_word' id='word_1_325' title='bbox 992 4218 1025 4262; x_wconf 87' lang='lat' dir='ltr'>es,</span> <span class='ocrx_word' id='word_1_326' title='bbox 1042 4219 1116 4267; x_wconf 83' lang='lat' dir='ltr'>quem</span> <span class='ocrx_word' id='word_1_327' title='bbox 1132 4204 1223 4253; x_wconf 87' lang='lat' dir='ltr'>bellua.</span> <span class='ocrx_word' id='word_1_328' title='bbox 1252 4205 1316 4254; x_wconf 84' lang='lat' dir='ltr'>Tam</span> <span class='ocrx_word' id='word_1_329' title='bbox 1332 4219 1432 4253; x_wconf 88' lang='lat' dir='ltr'>coecum</span> <span class='ocrx_word' id='word_1_330' title='bbox 1448 4212 1491 4252; x_wconf 84' lang='lat' dir='ltr'>tua</span> <span class='ocrx_word' id='word_1_331' title='bbox 1505 4211 1529 4251; x_wconf 80' lang='lat' dir='ltr'>te</span> 
     </span>
     <span class='ocr_line' id='line_1_40' title="bbox 410 4281 1181 4346; baseline 0.01 -22"><span class='ocrx_word' id='word_1_332' title='bbox 410 4285 504 4340; x_wconf 90' lang='lat' dir='ltr'>ponunt</span> <span class='ocrx_word' id='word_1_333' title='bbox 529 4281 619 4329; x_wconf 77' lang='lat' dir='ltr'>stolide</span> <span class='ocrx_word' id='word_1_334' title='bbox 636 4297 766 4343; x_wconf 71' lang='lat' dir='ltr'>ramma,</span> <span class='ocrx_word' id='word_1_335' title='bbox 793 4286 886 4342; x_wconf 76' lang='lat' dir='ltr'>stulta,</span> <span class='ocrx_word' id='word_1_336' title='bbox 909 4282 952 4330; x_wconf 85' lang='lat' dir='ltr'>alii</span> <span class='ocrx_word' id='word_1_337' title='bbox 991 4284 1100 4346; x_wconf 82' lang='lat' dir='ltr'>pravitas</span> <span class='ocrx_word' id='word_1_338' title='bbox 1117 4284 1181 4332; x_wconf 80' lang='lat' dir='ltr'>lecit.</span> 
     </span>
     <span class='ocr_line' id='line_1_41' title="bbox 410 4357 1529 4425; baseline 0.004 -20"><span class='ocrx_word' id='word_1_339' title='bbox 410 4357 519 4422; x_wconf 84' lang='lat' dir='ltr'>iungunt</span> <span class='ocrx_word' id='word_1_340' title='bbox 535 4376 598 4425; x_wconf 87' lang='lat' dir='ltr'>quae</span> <span class='ocrx_word' id='word_1_341' title='bbox 615 4364 696 4411; x_wconf 75' lang='lat' dir='ltr'>bellem</span> <span class='ocrx_word' id='word_1_342' title='bbox 712 4378 807 4424; x_wconf 78' lang='lat' dir='ltr'>pras-a,</span> <span class='ocrx_word' id='word_1_343' title='bbox 828 4362 894 4425; x_wconf 89' lang='lat' dir='ltr'>quod</span> <span class='ocrx_word' id='word_1_344' title='bbox 915 4376 972 4410; x_wconf 51' lang='lat' dir='ltr'>esu</span> <span class='ocrx_word' id='word_1_345' title='bbox 1024 4363 1090 4411; x_wconf 76' lang='lat' dir='ltr'>Aliis</span> <span class='ocrx_word' id='word_1_346' title='bbox 1105 4367 1182 4413; x_wconf 75' lang='lat' dir='ltr'>seruis</span> <span class='ocrx_word' id='word_1_347' title='bbox 1198 4366 1279 4412; x_wconf 75' lang='lat' dir='ltr'>ariser.</span> <span class='ocrx_word' id='word_1_348' title='bbox 1312 4363 1423 4412; x_wconf 86' lang='lat' dir='ltr'>Velleius</span> <span class='ocrx_word' id='word_1_349' title='bbox 1435 4365 1529 4413; x_wconf 80' lang='lat' dir='ltr'>Patere.</span> 
     </span>
     <span class='ocr_line' id='line_1_42' title="bbox 411 4441 1530 4500; baseline 0.006 -16"><span class='ocrx_word' id='word_1_350' title='bbox 411 4445 447 4485; x_wconf 83' lang='lat' dir='ltr'>set</span> <span class='ocrx_word' id='word_1_351' title='bbox 463 4455 549 4499; x_wconf 82' lang='lat' dir='ltr'>saeva,</span> <span class='ocrx_word' id='word_1_352' title='bbox 567 4441 598 4489; x_wconf 93' lang='lat' dir='ltr'>ob</span> <span class='ocrx_word' id='word_1_353' title='bbox 611 4441 732 4491; x_wconf 82' lang='lat' dir='ltr'>feritatem</span> <span class='ocrx_word' id='word_1_354' title='bbox 750 4441 844 4500; x_wconf 84' lang='lat' dir='ltr'>vinets;</span> <span class='ocrx_word' id='word_1_355' title='bbox 866 4441 891 4488; x_wconf 92' lang='lat' dir='ltr'>hi</span> <span class='ocrx_word' id='word_1_356' title='bbox 907 4443 951 4488; x_wconf 91' lang='lat' dir='ltr'>du·</span> <span class='ocrx_word' id='word_1_357' title='bbox 991 4442 1027 4490; x_wconf 85' lang='lat'>11.</span> <span class='ocrx_word' id='word_1_358' title='bbox 1045 4443 1084 4493; x_wconf 80' lang='lat'>73.</span> <span class='ocrx_word' id='word_1_359' title='bbox 1118 4444 1276 4491; x_wconf 61' lang='lat' dir='ltr'>Libertorum</span> <span class='ocrx_word' id='word_1_360' title='bbox 1296 4459 1396 4490; x_wconf 79' lang='lat' dir='ltr'>sacram</span> <span class='ocrx_word' id='word_1_361' title='bbox 1413 4444 1530 4498; x_wconf 82' lang='lat' dir='ltr'>libertas,</span> 
     </span>
     <span class='ocr_line' id='line_1_43' title="bbox 411 4515 1225 4583; baseline 0.01 -21"><span class='ocrx_word' id='word_1_362' title='bbox 411 4515 530 4576; x_wconf 85' lang='lat' dir='ltr'>bitabant,</span> <span class='ocrx_word' id='word_1_363' title='bbox 554 4534 586 4568; x_wconf 83' lang='lat' dir='ltr'>aa</span> <span class='ocrx_word' id='word_1_364' title='bbox 606 4537 689 4582; x_wconf 78' lang='lat' dir='ltr'>provo</span> <span class='ocrx_word' id='word_1_365' title='bbox 711 4519 849 4582; x_wconf 78' lang='lat' dir='ltr'>significare</span> <span class='ocrx_word' id='word_1_366' title='bbox 870 4529 951 4583; x_wconf 80' lang='lat' dir='ltr'>posset</span> <span class='ocrx_word' id='word_1_367' title='bbox 990 4537 1117 4572; x_wconf 84' lang='lat' dir='ltr'>seruorum</span> <span class='ocrx_word' id='word_1_368' title='bbox 1133 4537 1225 4571; x_wconf 71' lang='lat' dir='ltr'>emens.</span> 
     </span>
    </p>
   </div>
   <div class='ocr_carea' id='block_1_4' title="bbox 0 0 1785 5634">
    <p class='ocr_par' dir='ltr' id='par_1_18' title="bbox 0 0 1785 5634">
     <span class='ocr_line' id='line_1_44' title="bbox 0 0 1785 5634; baseline 0 0"><span class='ocrx_word' id='word_1_369' title='bbox 0 0 1785 5634; x_wconf 95' lang='lat' dir='ltr'> </span> 
     </span>
    </p>
   </div>
  </div>
 </body>
</html>
