3542 5634
689 499 872 564 LIBER
918 501 943 566 I.
1338 505 1379 568 45

292 678 425 742 Praeter
445 696 539 757 eum,
556 674 613 759 qui
631 677 767 760 praebet
786 698 916 762 aquam:
933 681 1010 762 post
1026 678 1113 744 huno
1131 701 1258 765 quoque
1270 686 1379 766 potua,

293 778 435 846 Condita
458 798 560 864 quum
582 799 682 843 verax
704 779 811 864 aperit
832 779 1022 863 praecordia
1045 780 1151 847 Liber.

292 883 357 950 Hio
381 882 443 949 tibi
466 881 569 948 comis
593 887 627 948 et
650 882 793 948 urbanus
817 883 964 968 liberque
986 884 1135 968 videtur,

291 985 418 1051 Infesto
440 983 563 1069 nigris:
587 1006 648 1070 ego
671 983 700 1050 si
722 985 797 1068 risi,
822 986 909 1070 quod
932 985 1063 1071 ineptus

292 1088 450 1154 Pastillos
474 1086 618 1152 Rufillus
641 1087 727 1170 olet,
753 1087 939 1172 Gargonius
963 1088 1111 1172 hircum,

292 1190 429 1255 Lividus
453 1194 487 1254 et
508 1190 646 1254 mordax
667 1189 781 1255 videor
803 1190 890 1255 tibi?
935 1191 1062 1257 Montio
1086 1193 1114 1258 si
1139 1217 1203 1280 qua

291 1293 342 1359 De
366 1291 547 1378 Capitolini
569 1292 666 1358 furtis
689 1291 811 1359 inieota
833 1293 947 1359 Petilli

293 1399 336 1462 Te
358 1417 468 1462 coram
490 1394 607 1478 fuerit,
631 1396 804 1478 defendas,
828 1401 867 1461 ut
890 1401 966 1462 tuus
990 1403 1042 1464 est
1064 1422 1152 1467 mos:

293 1500 372 1584 „Me
396 1499 602 1584 Capitolinus
626 1498 810 1566 oonviotore
834 1521 913 1565 usus
937 1501 1107 1590 amicoque

293 1605 348 1689 „A
370 1624 471 1689 puero
494 1607 559 1686 est,
584 1625 745 1689 causaque
768 1626 842 1669 mea
864 1606 1029 1690 permulta
1048 1614 1182 1694 rogatus

293 1707 428 1791 „Feoit,
452 1711 486 1772 et
507 1703 699 1790 incolumis,
722 1707 840 1790 laetor,
865 1709 953 1793 quod
977 1710 1061 1776 vivit
1083 1711 1118 1776 in
1141 1714 1235 1788 urbm

294 1810 384 1895 „Sed
406 1815 518 1874 tamen
540 1809 703 1893 admiror,
729 1832 793 1895 quo
816 1815 913 1896 puoto
936 1811 1096 1879 iudicium
1119 1815 1203 1881 illud

295 1911 490 1999 „Fugerit“
538 1911 603 1976 Hie
626 1911 739 1997 nigrae
762 1934 878 1979 suoous
902 1914 1068 2001 loliginis,
1092 1917 1172 1984 haee
1195 1926 1246 1986 est

293 2017 425 2101 Aerugo
447 2036 552 2080 mera:
578 2014 665 2100 quod
687 2014 806 2081 vitium
830 2018 944 2101 procul
968 2018 1055 2084 afore
1078 2021 1199 2086 chartis

293 2120 405 2204 Atque
427 2117 538 2183 animo
560 2117 667 2202 prius,
692 2123 730 2183 ut
753 2117 782 2183 si
805 2119 885 2204 quid
907 2121 1097 2204 promittere
1120 2123 1161 2189 de
1183 2146 1236 2189 me

295 2223 436 2287 Possum
459 2221 549 2286 aliud
572 2241 664 2303 vere,
688 2220 854 2306 promitto.
904 2222 1053 2290 Liberius
1077 2226 1133 2291 si·

295 2324 417 2390 Dixero
440 2323 535 2409 quid,
560 2323 590 2389 si
612 2322 695 2388 forte
716 2323 875 2407 iocosius,
899 2325 961 2391 hoo
983 2327 1067 2391 mihi
1090 2328 1170 2395 iuris

297 2429 381 2494 Cum
403 2427 500 2492 venia
522 2426 624 2492 dabis.
673 2426 822 2493 Insuevit
844 2432 938 2512 pater
960 2430 1105 2514 optimus
1128 2433 1189 2498 hoo
1213 2457 1266 2500 me

295 2531 344 2597 Ut
365 2531 531 2617 fugerem,
554 2529 714 2616 exemplis
736 2530 894 2596 vitiorum
917 2555 1064 2619 quaeque
1086 2536 1239 2602 notanda.

251 2752 319 2814 quis,
340 2768 364 2801 v.
386 2768 406 2802 c.
424 2753 451 2802 in
466 2753 558 2802 Plauto
575 2753 644 2802 Pers.
662 2753 683 2801 I.
701 2766 740 2801 111.
759 2754 798 2802 52.
838 2751 992 2814 Doeringius
1017 2759 1045 2801 ut
1062 2753 1166 2802 evitaret
1187 2755 1275 2802 duram
1292 2760 1317 2802 et
1334 2768 1384 2802 mo·

251 2832 298 2880 Me
313 2837 344 2879 at
360 2834 493 2895 quisquam
513 2835 596 2890 norit,
617 2833 669 2881 ruisi
690 2832 734 2880 ille
755 2834 801 2903 qui
838 2831 928 2880 lostam
945 2831 1076 2881 verborum
1098 2832 1298 2894 oolloostionem,
1319 2833 1385 2895 lege·

248 2912 354 2973 praebet
378 2913 476 2960 dham?
506 2911 586 2959 omitti
610 2925 682 2972 posse
705 2911 802 2967 dhane,
839 2911 893 2959 bat:
918 2913 958 2968 id,
983 2914 1007 2960 st
1031 2914 1105 2974 quid,
1139 2927 1184 2974 pro
1210 2918 1239 2962 ut
1265 2914 1289 2961 si
1318 2914 1386 2974 quid.

250 2988 415 3046 contenderet,
423 2989 446 3036 ei
454 2988 557 3036 minime
565 2987 723 3050 refragraret.
735 2989 801 3037 Nam
841 2987 949 3046 Omnia,
974 2990 1060 3047 credo,
1086 2991 1166 3052 magis
1188 2996 1246 3038 sunt
1270 2990 1338 3038 clara
1363 2995 1388 3036 et

252 3074 278 3116 et
294 3065 373 3114 multa
394 3068 426 3114 de
443 3074 564 3129 apparatu
580 3080 671 3113 ooenae
686 3067 802 3128 opiparae
840 3066 947 3123 Latina,
972 3067 1008 3114 sic
1034 3075 1163 3130 ooneepta:
1198 3069 1273 3127 Quod
1297 3069 1388 3116 vitium

251 3151 310 3194 ante
326 3145 391 3192 dioto
412 3151 481 3203 sunt,
506 3151 532 3193 et
555 3144 677 3207 parasitus
703 3143 803 3194 Saturio
839 3145 929 3204 procul
946 3145 1018 3206 afore
1033 3146 1131 3194 chartis
1153 3148 1199 3194 Ex
1215 3149 1298 3195 animo
1313 3146 1387 3207 prius

252 3224 432 3288 loquitur,qui
443 3224 547 3273 verbum
557 3226 660 3287 praebet
672 3231 746 3286 gestu
757 3238 800 3272 ex·
841 3227 879 3279 et,
905 3223 927 3269 si
948 3223 1012 3284 quid
1030 3225 1179 3285 promittere
1203 3226 1234 3272 de
1258 3239 1296 3272 me
1323 3225 1388 3272 Pos-

252 3303 345 3366 plieere
361 3310 450 3367 posset.
483 3303 584 3352 Terent.
600 3303 705 3351 Phorm.
723 3303 801 3352 11.11.
842 3316 914 3361 sum,
939 3303 1006 3350 titud
1029 3317 1086 3351 vere
1107 3305 1240 3364 promitto.
1275 3301 1303 3352 Si
1328 3302 1387 3365 quid

253 3384 294 3435 30.
322 3385 405 3443 Haeo,
415 3399 492 3447 quum
502 3385 626 3433 rationem
635 3384 716 3440 ineas,
725 3397 802 3446 quam
841 3396 942 3444 possum
964 3383 995 3430 de
1016 3395 1056 3431 mo
1078 3382 1233 3445 promittere,
1261 3384 1330 3447 prius
1355 3397 1387 3430 ex

253 3464 307 3512 sint
326 3465 418 3512 moia
438 3469 464 3512 et
484 3477 561 3526 quam
580 3478 642 3512 cara
666 3464 732 3518 aiat,
758 3463 801 3509 Ea
843 3461 927 3508 animo
957 3467 982 3508 et
1007 3475 1065 3509 vers
1094 3461 1160 3510 illud·
1184 3462 1312 3526 promitte,
1342 3461 1388 3509 hoc

254 3544 427 3605 quipraetet,
443 3539 802 3604 nontutunohobeasplans
843 3539 933 3587 vitium
957 3539 1043 3602 procul
1065 3554 1080 3588 a
1105 3539 1196 3588 chartis
1221 3541 1296 3589 afore.
1333 3540 1389 3590 Hoc

253 3627 408 3683 praesentem
421 3622 521 3669 Deum?
541 3621 574 3669 In
584 3620 623 3669 his
633 3633 731 3684 quoquo
742 3621 802 3669 tues
842 3619 921 3682 prius,
929 3625 986 3667 ente
999 3620 1084 3668 omnia
1094 3619 1225 3682 promitto:
1243 3620 1331 3670 deindo
1347 3635 1388 3684 po-

255 3707 280 3747 et
295 3714 325 3747 ea
341 3698 426 3748 abesse
441 3705 560 3761 poterant
843 3698 922 3756 stulo,
939 3706 979 3756 ut,
996 3700 1018 3747 si
1034 3699 1094 3762 quid
1111 3698 1215 3748 liberius
1226 3700 1325 3758 dixero,
1343 3699 1390 3748 hoe

291 3779 367 3837 Quod
381 3780 473 3826 vitium
496 3780 586 3840 procul
610 3777 682 3841 afore
706 3778 803 3827 coarto
842 3777 906 3825 mihi
922 3779 1046 3827 eomedas.
1069 3780 1114 3827 Es
1131 3781 1215 3828 antino
1228 3784 1253 3828 et
1269 3793 1390 3842 oerepro·

257 3858 342 3920 Atque
357 3858 441 3905 uninro
456 3859 538 3919 prius.
560 3856 738 3914 Declaramus,
754 3863 802 3905 tes·
843 3856 928 3914 mitto,
950 3862 978 3904 ut
1001 3857 1102 3906 Terent.
1127 3856 1242 3906 Eunuoh.
1264 3858 1285 3906 Ι,
1303 3871 1333 3906 11.
1350 3857 1390 3906 95.

257 3943 341 3984 tamur
366 3935 455 3984 vitium
484 3934 585 3997 aliquod
610 3936 694 3984 animo
718 3942 803 3983 nostro
848 3933 956 3983 Utinam
980 3935 1047 3983 atae
1073 3936 1175 3984 eertum
1200 3951 1232 3984 ea
1256 3937 1340 3984 oninw
1361 3949 1391 3982 oe

256 4014 349 4072 abesse,
366 4028 410 4061 nos
428 4013 489 4062 vitio
505 4013 590 4076 aliquo
606 4028 657 4061 non
677 4013 802 4069 laborare,
843 4028 900 4061 vere
924 4014 1023 4061 diceres.
1055 4011 1149 4061 catull.
1175 4011 1258 4062 Carm.
1286 4014 1341 4063 106.
1366 4014 1390 4063 3.

257 4107 285 4140 ao
301 4099 431 4155 propterea
454 4091 519 4140 illud
539 4107 590 4140 non
607 4091 721 4140 inlibris
735 4094 803 4156 sore.
846 4094 885 4140 Di
898 4092 983 4154 nrayru'
997 4090 1096 4152 facite,
1120 4097 1150 4140 ut
1171 4107 1227 4140 vere
1241 4095 1392 4154 promittere

257 4173 292 4221 Et
308 4171 369 4219 vitio
384 4184 513 4234 possumus
528 4170 654 4228 laborare,
670 4176 696 4218 at
716 4183 804 4217 osvero
842 4172 935 4233 poerit,
952 4169 1036 4231 Atque
1052 4172 1081 4218 tu
1102 4172 1198 4221 sincere
1217 4173 1300 4231 dicat,
1319 4179 1345 4221 et
1361 4187 1392 4221 eu

257 4266 289 4300 ne
305 4252 330 4300 in
347 4250 418 4300 libris
434 4250 607 4313 conspiciatur.
636 4249 804 4312 Interpretau·
844 4249 943 4297 animo!

256 4340 309 4380 tur:
324 4334 413 4394 prius,
429 4331 510 4394 magis
526 4331 622 4386 animo,
639 4344 715 4392 quem
731 4330 804 4378 coar·
878 4323 1029 4373 Doderlinus
1045 4339 1089 4388 per
1110 4326 1304 4391 Brachylogiam
1319 4329 1392 4376 inter·

259 4413 308 4469 tia·
333 4423 392 4458 nam
417 4409 466 4458 nisi
490 4409 559 4472 prius
583 4407 667 4456 animo
685 4408 805 4468 oonoepta
845 4408 968 4467 pretatur:
994 4417 1052 4453 vero
1076 4405 1193 4468 promitto
1215 4413 1243 4454 ut
1258 4405 1393 4470 quidquam

257 4489 291 4537 sit
310 4488 419 4546 malitis,
441 4489 467 4536 in
491 4486 584 4536 chartis
601 4485 727 4543 nouerit,
744 4491 805 4534 caet.
846 4482 961 4540 aliud,si
977 4483 1035 4546 quid
1043 4485 1185 4548 promittere
1197 4486 1228 4534 do
1236 4498 1276 4534 me
1285 4499 1393 4549 possum.
