<?xml version="1.0" encoding="UTF-8"?>
<!DOCTYPE html PUBLIC "-//W3C//DTD XHTML 1.0 Transitional//EN"
    "http://www.w3.org/TR/xhtml1/DTD/xhtml1-transitional.dtd">
<html xmlns="http://www.w3.org/1999/xhtml" xml:lang="en" lang="en">
 <head>
  <title>
</title>
<meta http-equiv="Content-Type" content="text/html;charset=utf-8" />
  <meta name='ocr-system' content='tesseract 3.04.00' />
  <meta name='ocr-capabilities' content='ocr_page ocr_carea ocr_par ocr_line ocrx_word'/>
</head>
<body>
  <div class='ocr_page' id='page_1' title='image "./qhoratiiflaccis01peergoog_0209.png"; bbox 0 0 3542 5634; ppageno 0'>
   <div class='ocr_carea' id='block_1_1' title="bbox 389 537 1130 599">
    <p class='ocr_par' dir='ltr' id='par_1_1' title="bbox 389 537 1130 599">
     <span class='ocr_line' id='line_1_1' title="bbox 389 537 1130 599; baseline 0.001 -3"><span class='ocrx_word' id='word_1_1' title='bbox 389 537 450 598; x_wconf 82' lang='lat'>184</span> <span class='ocrx_word' id='word_1_2' title='bbox 739 537 764 596; x_wconf 94' lang='lat' dir='ltr'>l.</span> <span class='ocrx_word' id='word_1_3' title='bbox 813 553 940 599; x_wconf 68' lang='lat' dir='ltr'>semme</span> <span class='ocrx_word' id='word_1_4' title='bbox 963 553 1026 598; x_wconf 85' lang='lat' dir='ltr'>vu.</span> <span class='ocrx_word' id='word_1_5' title='bbox 1053 553 1130 598; x_wconf 80' lang='lat' dir='ltr'>vni.</span> 
     </span>
    </p>
   </div>
   <div class='ocr_carea' id='block_1_2' title="bbox 375 723 1525 2770">
    <p class='ocr_par' dir='ltr' id='par_1_2' title="bbox 384 723 1525 1262">
     <span class='ocr_line' id='line_1_2' title="bbox 386 723 1523 787; baseline 0.002 -15"><span class='ocrx_word' id='word_1_6' title='bbox 386 725 476 774; x_wconf 91' lang='lat' dir='ltr'>iicitur.</span> <span class='ocrx_word' id='word_1_7' title='bbox 502 725 622 786; x_wconf 81' lang='lat' dir='ltr'>Quamvis</span> <span class='ocrx_word' id='word_1_8' title='bbox 639 725 719 774; x_wconf 85' lang='lat' dir='ltr'>severi</span> <span class='ocrx_word' id='word_1_9' title='bbox 736 729 760 772; x_wconf 93' lang='lat' dir='ltr'>et</span> <span class='ocrx_word' id='word_1_10' title='bbox 777 725 850 787; x_wconf 83' lang='lat' dir='ltr'>periti</span> <span class='ocrx_word' id='word_1_11' title='bbox 867 724 959 774; x_wconf 87' lang='lat' dir='ltr'>iudices</span> <span class='ocrx_word' id='word_1_12' title='bbox 979 723 1044 773; x_wconf 86' lang='lat' dir='ltr'>nihil</span> <span class='ocrx_word' id='word_1_13' title='bbox 1060 738 1158 781; x_wconf 88' lang='lat' dir='ltr'>eornm,</span> <span class='ocrx_word' id='word_1_14' title='bbox 1182 738 1246 787; x_wconf 80' lang='lat' dir='ltr'>quae</span> <span class='ocrx_word' id='word_1_15' title='bbox 1262 729 1399 783; x_wconf 84' lang='lat' dir='ltr'>tentantur,</span> <span class='ocrx_word' id='word_1_16' title='bbox 1416 724 1523 774; x_wconf 83' lang='lat' dir='ltr'>laudare</span> 
     </span>
     <span class='ocr_line' id='line_1_3' title="bbox 386 802 1523 868; baseline 0.002 -16"><span class='ocrx_word' id='word_1_17' title='bbox 386 805 492 864; x_wconf 77' lang='lat' dir='ltr'><strong>possint,</strong></span> <span class='ocrx_word' id='word_1_18' title='bbox 508 819 558 853; x_wconf 92' lang='lat' dir='ltr'>non</span> <span class='ocrx_word' id='word_1_19' title='bbox 574 818 631 852; x_wconf 89' lang='lat' dir='ltr'>raro</span> <span class='ocrx_word' id='word_1_20' title='bbox 648 802 750 860; x_wconf 87' lang='lat' dir='ltr'>accidit,</span> <span class='ocrx_word' id='word_1_21' title='bbox 768 809 796 850; x_wconf 93' lang='lat' dir='ltr'>ut</span> <span class='ocrx_word' id='word_1_22' title='bbox 812 803 859 865; x_wconf 92' lang='lat' dir='ltr'>ipsi</span> <span class='ocrx_word' id='word_1_23' title='bbox 880 803 906 850; x_wconf 92' lang='lat' dir='ltr'>in</span> <span class='ocrx_word' id='word_1_24' title='bbox 932 804 1073 867; x_wconf 87' lang='lat' dir='ltr'><strong>opinionem</strong></span> <span class='ocrx_word' id='word_1_25' title='bbox 1095 802 1208 861; x_wconf 84' lang='lat' dir='ltr'>veniant,</span> <span class='ocrx_word' id='word_1_26' title='bbox 1229 818 1293 866; x_wconf 87' lang='lat' dir='ltr'>quae</span> <span class='ocrx_word' id='word_1_27' title='bbox 1313 818 1385 852; x_wconf 89' lang='lat' dir='ltr'>suam</span> <span class='ocrx_word' id='word_1_28' title='bbox 1406 805 1523 868; x_wconf 79' lang='lat' dir='ltr'><strong>scriptori</strong></span> 
     </span>
     <span class='ocr_line' id='line_1_4' title="bbox 387 880 1525 946; baseline 0.004 -18"><span class='ocrx_word' id='word_1_29' title='bbox 387 895 489 931; x_wconf 84' lang='lat' dir='ltr'>menum</span> <span class='ocrx_word' id='word_1_30' title='bbox 506 881 627 932; x_wconf 83' lang='lat' dir='ltr'>restituet.</span> <span class='ocrx_word' id='word_1_31' title='bbox 661 883 718 944; x_wconf 84' lang='lat' dir='ltr'>Ego</span> <span class='ocrx_word' id='word_1_32' title='bbox 734 881 783 939; x_wconf 86' lang='lat' dir='ltr'>hic,</span> <span class='ocrx_word' id='word_1_33' title='bbox 800 889 898 944; x_wconf 84' lang='lat' dir='ltr'>praeter</span> <span class='ocrx_word' id='word_1_34' title='bbox 914 880 976 939; x_wconf 81' lang='lat' dir='ltr'>ulia,</span> <span class='ocrx_word' id='word_1_35' title='bbox 993 896 1090 946; x_wconf 86' lang='lat' dir='ltr'>quoqne</span> <span class='ocrx_word' id='word_1_36' title='bbox 1106 880 1212 930; x_wconf 90' lang='lat' dir='ltr'>conieci:</span> <span class='ocrx_word' id='word_1_37' title='bbox 1234 885 1328 930; x_wconf 83' lang='lat' dir='ltr'>sternit</span> <span class='ocrx_word' id='word_1_38' title='bbox 1348 884 1439 944; x_wconf 80' lang='lat' dir='ltr'>rapido</span> <span class='ocrx_word' id='word_1_39' title='bbox 1460 889 1525 932; x_wconf 83' lang='lat' dir='ltr'>sota</span> 
     </span>
     <span class='ocr_line' id='line_1_5' title="bbox 385 960 1525 1026; baseline 0.001 -17"><span class='ocrx_word' id='word_1_40' title='bbox 385 976 468 1010; x_wconf 81' lang='lat' dir='ltr'>cursu.</span> <span class='ocrx_word' id='word_1_41' title='bbox 502 963 537 1011; x_wconf 82' lang='lat' dir='ltr'>Et</span> <span class='ocrx_word' id='word_1_42' title='bbox 562 962 620 1018; x_wconf 88' lang='lat' dir='ltr'>hoc,</span> <span class='ocrx_word' id='word_1_43' title='bbox 646 969 674 1022; x_wconf 74' lang='lat' dir='ltr'>ct</span> <span class='ocrx_word' id='word_1_44' title='bbox 695 960 801 1008; x_wconf 79' lang='lat' dir='ltr'>alterum</span> <span class='ocrx_word' id='word_1_45' title='bbox 820 961 912 1026; x_wconf 84' lang='lat' dir='ltr'>fertur</span> <span class='ocrx_word' id='word_1_46' title='bbox 935 963 1027 1024; x_wconf 82' lang='lat' dir='ltr'>rapido</span> <span class='ocrx_word' id='word_1_47' title='bbox 1051 964 1079 1009; x_wconf 83' lang='lat' dir='ltr'>in</span> <span class='ocrx_word' id='word_1_48' title='bbox 1095 967 1153 1009; x_wconf 84' lang='lat' dir='ltr'>scta</span> <span class='ocrx_word' id='word_1_49' title='bbox 1173 976 1251 1010; x_wconf 83' lang='lat' dir='ltr'>eursu</span> <span class='ocrx_word' id='word_1_50' title='bbox 1267 975 1320 1009; x_wconf 87' lang='lat' dir='ltr'>esse</span> <span class='ocrx_word' id='word_1_51' title='bbox 1336 961 1429 1010; x_wconf 78' lang='lat' dir='ltr'>Latina</span> <span class='ocrx_word' id='word_1_52' title='bbox 1444 976 1525 1010; x_wconf 91' lang='lat' dir='ltr'>nemo</span> 
     </span>
     <span class='ocr_line' id='line_1_6' title="bbox 385 1030 1524 1102; baseline 0.003 -17"><span class='ocrx_word' id='word_1_53' title='bbox 385 1040 491 1100; x_wconf 75' lang='lat' dir='ltr'>negabit.</span> <span class='ocrx_word' id='word_1_54' title='bbox 527 1041 630 1091; x_wconf 82' lang='lat' dir='ltr'>Securis</span> <span class='ocrx_word' id='word_1_55' title='bbox 654 1055 717 1088; x_wconf 81' lang='lat' dir='ltr'>rara</span> <span class='ocrx_word' id='word_1_56' title='bbox 731 1041 821 1102; x_wconf 84' lang='lat' dir='ltr'>sertnr</span> <span class='ocrx_word' id='word_1_57' title='bbox 841 1041 872 1090; x_wconf 90' lang='lat' dir='ltr'>ad</span> <span class='ocrx_word' id='word_1_58' title='bbox 898 1030 1003 1099; x_wconf 86' lang='lat' dir='ltr'>flumen,</span> <span class='ocrx_word' id='word_1_59' title='bbox 1029 1055 1079 1088; x_wconf 92' lang='lat' dir='ltr'>non</span> <span class='ocrx_word' id='word_1_60' title='bbox 1096 1041 1157 1089; x_wconf 85' lang='lat' dir='ltr'>satis</span> <span class='ocrx_word' id='word_1_61' title='bbox 1172 1041 1295 1088; x_wconf 88' lang='lat' dir='ltr'>Latinum</span> <span class='ocrx_word' id='word_1_62' title='bbox 1312 1041 1417 1090; x_wconf 86' lang='lat' dir='ltr'>videtur.</span> <span class='ocrx_word' id='word_1_63' title='bbox 1451 1041 1524 1089; x_wconf 89' lang='lat' dir='ltr'>Tum</span> 
     </span>
     <span class='ocr_line' id='line_1_7' title="bbox 385 1117 1524 1183; baseline 0.002 -19"><span class='ocrx_word' id='word_1_64' title='bbox 385 1117 505 1168; x_wconf 74' lang='lat' dir='ltr'>Horatius</span> <span class='ocrx_word' id='word_1_65' title='bbox 521 1120 657 1183; x_wconf 80' lang='lat' dir='ltr'>scripsisset</span> <span class='ocrx_word' id='word_1_66' title='bbox 674 1120 767 1181; x_wconf 91' lang='lat' dir='ltr'>potius:</span> <span class='ocrx_word' id='word_1_67' title='bbox 779 1119 860 1183; x_wconf 77' lang='lat' dir='ltr'>feriit</span> <span class='ocrx_word' id='word_1_68' title='bbox 876 1136 925 1182; x_wconf 84' lang='lat' dir='ltr'>qno</span> <span class='ocrx_word' id='word_1_69' title='bbox 941 1136 1004 1167; x_wconf 81' lang='lat' dir='ltr'>rara</span> <span class='ocrx_word' id='word_1_70' title='bbox 1019 1122 1122 1169; x_wconf 69' lang='lat' dir='ltr'>secteris.</span> <span class='ocrx_word' id='word_1_71' title='bbox 1155 1119 1196 1167; x_wconf 92' lang='lat' dir='ltr'>Ita</span> <span class='ocrx_word' id='word_1_72' title='bbox 1212 1119 1339 1182; x_wconf 79' lang='lat' dir='ltr'>eliquanto</span> <span class='ocrx_word' id='word_1_73' title='bbox 1355 1119 1436 1167; x_wconf 88' lang='lat' dir='ltr'>lenius</span> <span class='ocrx_word' id='word_1_74' title='bbox 1452 1120 1524 1181; x_wconf 87' lang='lat' dir='ltr'>cogi·</span> 
     </span>
     <span class='ocr_line' id='line_1_8' title="bbox 384 1197 1176 1262; baseline 0.009 -21"><span class='ocrx_word' id='word_1_75' title='bbox 384 1197 432 1244; x_wconf 84' lang='lat' dir='ltr'>tari</span> <span class='ocrx_word' id='word_1_76' title='bbox 448 1205 560 1261; x_wconf 75' lang='lat' dir='ltr'>poterat,</span> <span class='ocrx_word' id='word_1_77' title='bbox 578 1198 620 1247; x_wconf 91' lang='lat' dir='ltr'>ubi</span> <span class='ocrx_word' id='word_1_78' title='bbox 637 1213 694 1246; x_wconf 77' lang='lat' dir='ltr'>rora</span> <span class='ocrx_word' id='word_1_79' title='bbox 709 1200 800 1248; x_wconf 88' lang='lat' dir='ltr'>securis</span> <span class='ocrx_word' id='word_1_80' title='bbox 816 1199 882 1248; x_wconf 85' lang='lat' dir='ltr'>feriit</span> <span class='ocrx_word' id='word_1_81' title='bbox 899 1200 999 1248; x_wconf 78' lang='lat' dir='ltr'>crltores</span> <span class='ocrx_word' id='word_1_82' title='bbox 1015 1206 1041 1247; x_wconf 87' lang='lat' dir='ltr'>et</span> <span class='ocrx_word' id='word_1_83' title='bbox 1056 1199 1176 1262; x_wconf 80' lang='lat' dir='ltr'>virgulta</span> 
     </span>
    </p>

    <p class='ocr_par' dir='ltr' id='par_1_3' title="bbox 381 1277 1523 1971">
     <span class='ocr_line' id='line_1_9' title="bbox 434 1277 1523 1340; baseline -0.002 -14"><span class='ocrx_word' id='word_1_84' title='bbox 434 1278 464 1326; x_wconf 91' lang='lat' dir='ltr'>P.</span> <span class='ocrx_word' id='word_1_85' title='bbox 482 1279 520 1327; x_wconf 90' lang='grc'>66.</span> <span class='ocrx_word' id='word_1_86' title='bbox 557 1279 630 1326; x_wconf 82' lang='lat' dir='ltr'>Salso</span> <span class='ocrx_word' id='word_1_87' title='bbox 647 1279 773 1339; x_wconf 80' lang='lat' dir='ltr'>multoque</span> <span class='ocrx_word' id='word_1_88' title='bbox 783 1278 880 1340; x_wconf 84' lang='lat' dir='ltr'>fluenti</span> <span class='ocrx_word' id='word_1_89' title='bbox 906 1279 1038 1340; x_wconf 73' lang='lat' dir='ltr'>Expressa</span> <span class='ocrx_word' id='word_1_90' title='bbox 1054 1280 1157 1326; x_wconf 81' lang='lat' dir='ltr'>erhusto</span> <span class='ocrx_word' id='word_1_91' title='bbox 1177 1279 1270 1340; x_wconf 81' lang='lat' dir='ltr'>reperit</span> <span class='ocrx_word' id='word_1_92' title='bbox 1286 1278 1406 1328; x_wconf 74' lang='lat' dir='ltr'>conuicia</span> <span class='ocrx_word' id='word_1_93' title='bbox 1438 1277 1523 1326; x_wconf 81' lang='lat' dir='ltr'>Venit</span> 
     </span>
     <span class='ocr_line' id='line_1_10' title="bbox 384 1356 1521 1420; baseline 0.003 -17"><span class='ocrx_word' id='word_1_94' title='bbox 384 1357 409 1404; x_wconf 90' lang='lat' dir='ltr'>in</span> <span class='ocrx_word' id='word_1_95' title='bbox 434 1364 554 1407; x_wconf 78' lang='lat' dir='ltr'>mentem:</span> <span class='ocrx_word' id='word_1_96' title='bbox 580 1359 709 1406; x_wconf 76' lang='lat' dir='ltr'>ambiretur</span> <span class='ocrx_word' id='word_1_97' title='bbox 733 1359 827 1420; x_wconf 80' lang='lat' dir='ltr'>reperit</span> <span class='ocrx_word' id='word_1_98' title='bbox 847 1359 968 1407; x_wconf 74' lang='lat' dir='ltr'>comicia.</span> <span class='ocrx_word' id='word_1_99' title='bbox 1001 1357 1180 1406; x_wconf 87' lang='lat' dir='ltr'>Praenestinus</span> <span class='ocrx_word' id='word_1_100' title='bbox 1203 1358 1296 1420; x_wconf 80' lang='lat' dir='ltr'>regerit</span> <span class='ocrx_word' id='word_1_101' title='bbox 1312 1356 1426 1406; x_wconf 85' lang='lat' dir='ltr'>convicia</span> <span class='ocrx_word' id='word_1_102' title='bbox 1442 1357 1521 1406; x_wconf 84' lang='lat' dir='ltr'>vehe-</span> 
     </span>
     <span class='ocr_line' id='line_1_11' title="bbox 384 1435 1523 1496; baseline 0.001 -13"><span class='ocrx_word' id='word_1_103' title='bbox 384 1435 536 1485; x_wconf 83' lang='lat' dir='ltr'>mentissime</span> <span class='ocrx_word' id='word_1_104' title='bbox 562 1436 658 1486; x_wconf 86' lang='lat' dir='ltr'>Graeco</span> <span class='ocrx_word' id='word_1_105' title='bbox 682 1435 767 1484; x_wconf 88' lang='lat' dir='ltr'>fluenti</span> <span class='ocrx_word' id='word_1_106' title='bbox 788 1437 852 1486; x_wconf 84' lang='lat' dir='ltr'>salso</span> <span class='ocrx_word' id='word_1_107' title='bbox 872 1444 897 1486; x_wconf 89' lang='lat' dir='ltr'>et</span> <span class='ocrx_word' id='word_1_108' title='bbox 913 1438 1008 1496; x_wconf 85' lang='lat' dir='ltr'>multo,</span> <span class='ocrx_word' id='word_1_109' title='bbox 1023 1437 1088 1486; x_wconf 85' lang='lat' dir='ltr'>salse</span> <span class='ocrx_word' id='word_1_110' title='bbox 1103 1444 1129 1486; x_wconf 90' lang='lat' dir='ltr'>et</span> <span class='ocrx_word' id='word_1_111' title='bbox 1144 1437 1253 1485; x_wconf 90' lang='lat' dir='ltr'>multum</span> <span class='ocrx_word' id='word_1_112' title='bbox 1269 1437 1363 1486; x_wconf 85' lang='lat' dir='ltr'>fluenti</span> <span class='ocrx_word' id='word_1_113' title='bbox 1397 1435 1523 1487; x_wconf 78' lang='lat' dir='ltr'>Convicia</span> 
     </span>
     <span class='ocr_line' id='line_1_12' title="bbox 383 1514 1522 1581; baseline 0.004 -20"><span class='ocrx_word' id='word_1_114' title='bbox 383 1514 438 1562; x_wconf 88' lang='lat' dir='ltr'>ideo</span> <span class='ocrx_word' id='word_1_115' title='bbox 455 1529 552 1579; x_wconf 88' lang='lat' dir='ltr'>quoqne</span> <span class='ocrx_word' id='word_1_116' title='bbox 569 1523 640 1564; x_wconf 87' lang='lat' dir='ltr'>erant</span> <span class='ocrx_word' id='word_1_117' title='bbox 656 1515 854 1574; x_wconf 85' lang='lat' dir='ltr'>vehementiora,</span> <span class='ocrx_word' id='word_1_118' title='bbox 871 1519 931 1581; x_wconf 81' lang='lat' dir='ltr'>quie</span> <span class='ocrx_word' id='word_1_119' title='bbox 948 1518 1058 1568; x_wconf 86' lang='lat' dir='ltr'>Graecus</span> <span class='ocrx_word' id='word_1_120' title='bbox 1075 1524 1231 1580; x_wconf 75' lang='lat' dir='ltr'>expresserat</span> <span class='ocrx_word' id='word_1_121' title='bbox 1241 1517 1313 1565; x_wconf 85' lang='lat' dir='ltr'>Italo.</span> <span class='ocrx_word' id='word_1_122' title='bbox 1336 1517 1417 1565; x_wconf 87' lang='lat' dir='ltr'>Italns</span> <span class='ocrx_word' id='word_1_123' title='bbox 1432 1523 1522 1566; x_wconf 80' lang='lat' dir='ltr'>entem</span> 
     </span>
     <span class='ocr_line' id='line_1_13' title="bbox 382 1591 1520 1660; baseline 0.006 -22"><span class='ocrx_word' id='word_1_124' title='bbox 382 1591 474 1640; x_wconf 91' lang='lat' dir='ltr'>dicitur</span> <span class='ocrx_word' id='word_1_125' title='bbox 490 1598 633 1653; x_wconf 80' lang='lat' dir='ltr'>ambustus,</span> <span class='ocrx_word' id='word_1_126' title='bbox 657 1596 717 1660; x_wconf 81' lang='lat' dir='ltr'>quia</span> <span class='ocrx_word' id='word_1_127' title='bbox 743 1597 793 1646; x_wconf 85' lang='lat' dir='ltr'>iam</span> <span class='ocrx_word' id='word_1_128' title='bbox 810 1597 942 1647; x_wconf 88' lang='lat' dir='ltr'>videbatur</span> <span class='ocrx_word' id='word_1_129' title='bbox 958 1600 1137 1647; x_wconf 78' lang='lat' dir='ltr'>cendemnatos</span> <span class='ocrx_word' id='word_1_130' title='bbox 1154 1604 1213 1646; x_wconf 90' lang='lat' dir='ltr'>ante</span> <span class='ocrx_word' id='word_1_131' title='bbox 1230 1612 1306 1660; x_wconf 87' lang='lat' dir='ltr'>quarn</span> <span class='ocrx_word' id='word_1_132' title='bbox 1322 1611 1349 1645; x_wconf 83' lang='lat' dir='ltr'>sc</span> <span class='ocrx_word' id='word_1_133' title='bbox 1365 1595 1520 1646; x_wconf 83' lang='lat' dir='ltr'>defenderat.</span> 
     </span>
     <span class='ocr_line' id='line_1_14' title="bbox 382 1671 1520 1735; baseline 0.004 -16"><span class='ocrx_word' id='word_1_134' title='bbox 382 1671 518 1722; x_wconf 76' lang='lat' dir='ltr'>Accusatio</span> <span class='ocrx_word' id='word_1_135' title='bbox 536 1674 625 1724; x_wconf 86' lang='lat' dir='ltr'>Graeci</span> <span class='ocrx_word' id='word_1_136' title='bbox 642 1683 695 1724; x_wconf 88' lang='lat' dir='ltr'>erat</span> <span class='ocrx_word' id='word_1_137' title='bbox 711 1675 782 1734; x_wconf 80' lang='lat' dir='ltr'>talis,</span> <span class='ocrx_word' id='word_1_138' title='bbox 800 1684 828 1724; x_wconf 89' lang='lat' dir='ltr'>ut</span> <span class='ocrx_word' id='word_1_139' title='bbox 844 1677 926 1726; x_wconf 89' lang='lat' dir='ltr'>Italus</span> <span class='ocrx_word' id='word_1_140' title='bbox 942 1693 974 1726; x_wconf 85' lang='lat' dir='ltr'>ex</span> <span class='ocrx_word' id='word_1_141' title='bbox 991 1677 1083 1725; x_wconf 89' lang='lat' dir='ltr'>iudicio</span> <span class='ocrx_word' id='word_1_142' title='bbox 1098 1690 1149 1724; x_wconf 92' lang='lat' dir='ltr'>non</span> <span class='ocrx_word' id='word_1_143' title='bbox 1161 1677 1364 1735; x_wconf 59' lang='lat' dir='ltr'>fflausbnstur,</span> <span class='ocrx_word' id='word_1_144' title='bbox 1374 1677 1520 1735; x_wconf 68' lang='lat' dir='ltr'>semirutas,</span> 
     </span>
     <span class='ocr_line' id='line_1_15' title="bbox 382 1754 1521 1818; baseline 0.004 -21"><span class='ocrx_word' id='word_1_145' title='bbox 382 1763 457 1812; x_wconf 86' lang='lat' dir='ltr'>prope</span> <span class='ocrx_word' id='word_1_146' title='bbox 473 1759 559 1811; x_wconf 82' lang='lat' dir='ltr'>estne,</span> <span class='ocrx_word' id='word_1_147' title='bbox 581 1768 630 1802; x_wconf 94' lang='lat' dir='ltr'>non</span> <span class='ocrx_word' id='word_1_148' title='bbox 652 1755 705 1802; x_wconf 90' lang='lat' dir='ltr'>sine</span> <span class='ocrx_word' id='word_1_149' title='bbox 727 1755 798 1818; x_wconf 78' lang='lat' dir='ltr'>gravi</span> <span class='ocrx_word' id='word_1_150' title='bbox 819 1770 885 1804; x_wconf 88' lang='lat' dir='ltr'>noxa</span> <span class='ocrx_word' id='word_1_151' title='bbox 907 1757 1058 1806; x_wconf 80' lang='lat' dir='ltr'>discessurus</span> <span class='ocrx_word' id='word_1_152' title='bbox 1075 1770 1127 1805; x_wconf 86' lang='lat' dir='ltr'>esse</span> <span class='ocrx_word' id='word_1_153' title='bbox 1144 1756 1278 1804; x_wconf 85' lang='lat' dir='ltr'>videretur.</span> <span class='ocrx_word' id='word_1_154' title='bbox 1311 1755 1379 1802; x_wconf 83' lang='lat' dir='ltr'>Nota</span> <span class='ocrx_word' id='word_1_155' title='bbox 1394 1761 1453 1802; x_wconf 88' lang='lat' dir='ltr'>sunt</span> <span class='ocrx_word' id='word_1_156' title='bbox 1469 1754 1521 1802; x_wconf 87' lang='lat' dir='ltr'>ista</span> 
     </span>
     <span class='ocr_line' id='line_1_16' title="bbox 382 1829 1519 1898; baseline 0.006 -23"><span class='ocrx_word' id='word_1_157' title='bbox 382 1829 458 1877; x_wconf 88' lang='lat' dir='ltr'>verba</span> <span class='ocrx_word' id='word_1_158' title='bbox 473 1831 499 1878; x_wconf 92' lang='lat' dir='ltr'>iu</span> <span class='ocrx_word' id='word_1_159' title='bbox 516 1847 543 1882; x_wconf 90' lang='lat' dir='ltr'>re</span> <span class='ocrx_word' id='word_1_160' title='bbox 564 1833 690 1892; x_wconf 81' lang='lat' dir='ltr'>iudiciali,</span> <span class='ocrx_word' id='word_1_161' title='bbox 708 1841 735 1882; x_wconf 85' lang='lat' dir='ltr'>ut</span> <span class='ocrx_word' id='word_1_162' title='bbox 756 1842 780 1883; x_wconf 88' lang='lat' dir='ltr'>et</span> <span class='ocrx_word' id='word_1_163' title='bbox 795 1835 928 1898; x_wconf 65' lang='lat' dir='ltr'>firmare,</span> <span class='ocrx_word' id='word_1_164' title='bbox 943 1837 1098 1898; x_wconf 82' lang='lat' dir='ltr'>conflupare,</span> <span class='ocrx_word' id='word_1_165' title='bbox 1113 1837 1225 1893; x_wconf 81' lang='lat' dir='ltr'>incendi,</span> <span class='ocrx_word' id='word_1_166' title='bbox 1248 1833 1348 1882; x_wconf 79' lang='lat' dir='ltr'>similia</span> <span class='ocrx_word' id='word_1_167' title='bbox 1383 1833 1455 1883; x_wconf 80' lang='lat' dir='ltr'>conf.</span> <span class='ocrx_word' id='word_1_168' title='bbox 1478 1836 1519 1882; x_wconf 93' lang='lat' dir='ltr'>in-</span> 
     </span>
     <span class='ocr_line' id='line_1_17' title="bbox 381 1910 1205 1971; baseline 0.01 -15"><span class='ocrx_word' id='word_1_169' title='bbox 381 1913 501 1971; x_wconf 84' lang='lat' dir='ltr'>terpretes</span> <span class='ocrx_word' id='word_1_170' title='bbox 518 1912 618 1962; x_wconf 84' lang='lat' dir='ltr'>Sallust.</span> <span class='ocrx_word' id='word_1_171' title='bbox 635 1910 712 1962; x_wconf 81' lang='lat' dir='ltr'>Catil.</span> <span class='ocrx_word' id='word_1_172' title='bbox 734 1915 774 1962; x_wconf 83' lang='grc'>31.</span> <span class='ocrx_word' id='word_1_173' title='bbox 792 1921 817 1964; x_wconf 83' lang='lat' dir='ltr'>et</span> <span class='ocrx_word' id='word_1_174' title='bbox 833 1914 938 1964; x_wconf 84' lang='lat' dir='ltr'>Livium</span> <span class='ocrx_word' id='word_1_175' title='bbox 956 1914 1046 1964; x_wconf 82' lang='lat' dir='ltr'>xxn,</span> <span class='ocrx_word' id='word_1_176' title='bbox 1063 1915 1103 1963; x_wconf 78' lang='lat' dir='ltr'>st.</span> <span class='ocrx_word' id='word_1_177' title='bbox 1198 1923 1205 1929; x_wconf 82' lang='grc'><em>“</em></span> 
     </span>
    </p>

    <p class='ocr_par' dir='ltr' id='par_1_4' title="bbox 375 1988 1520 2770">
     <span class='ocr_line' id='line_1_18' title="bbox 413 1988 1520 2056; baseline 0 -16"><span class='ocrx_word' id='word_1_178' title='bbox 413 1988 442 2036; x_wconf 86' lang='grc' dir='ltr'>Ρ.</span> <span class='ocrx_word' id='word_1_179' title='bbox 460 1991 499 2038; x_wconf 88' lang='grc'>66.</span> <span class='ocrx_word' id='word_1_180' title='bbox 537 1993 648 2056; x_wconf 82' lang='lat' dir='ltr'>Operum</span> <span class='ocrx_word' id='word_1_181' title='bbox 665 1997 718 2054; x_wconf 85' lang='lat' dir='ltr'>hoc,</span> <span class='ocrx_word' id='word_1_182' title='bbox 735 1995 899 2051; x_wconf 78' lang='lat' dir='ltr'>mihicrede,</span> <span class='ocrx_word' id='word_1_183' title='bbox 917 2000 1080 2043; x_wconf 67' lang='lat' dir='ltr'>suammet.</span> <span class='ocrx_word' id='word_1_184' title='bbox 1114 1994 1201 2043; x_wconf 85' lang='lat' dir='ltr'>Livius</span> <span class='ocrx_word' id='word_1_185' title='bbox 1218 2007 1290 2054; x_wconf 87' lang='lat' dir='ltr'>saepe</span> <span class='ocrx_word' id='word_1_186' title='bbox 1310 1991 1390 2040; x_wconf 89' lang='lat' dir='ltr'>utitur</span> <span class='ocrx_word' id='word_1_187' title='bbox 1406 1990 1520 2056; x_wconf 82' lang='lat' dir='ltr'>formula</span> 
     </span>
     <span class='ocr_line' id='line_1_19' title="bbox 380 2071 1518 2135; baseline 0.004 -19"><span class='ocrx_word' id='word_1_188' title='bbox 380 2071 424 2118; x_wconf 86' lang='lat' dir='ltr'>hec</span> <span class='ocrx_word' id='word_1_189' title='bbox 440 2076 479 2119; x_wconf 82' lang='lat' dir='ltr'>eet</span> <span class='ocrx_word' id='word_1_190' title='bbox 496 2073 535 2120; x_wconf 83' lang='lat' dir='ltr'>tui</span> <span class='ocrx_word' id='word_1_191' title='bbox 550 2074 640 2135; x_wconf 85' lang='lat' dir='ltr'>operis.</span> <span class='ocrx_word' id='word_1_192' title='bbox 673 2073 826 2123; x_wconf 89' lang='lat' dir='ltr'>Doderlinus</span> <span class='ocrx_word' id='word_1_193' title='bbox 847 2073 898 2122; x_wconf 87' lang='lat' dir='ltr'>iam</span> <span class='ocrx_word' id='word_1_194' title='bbox 922 2073 1007 2122; x_wconf 89' lang='lat' dir='ltr'>attulit</span> <span class='ocrx_word' id='word_1_195' title='bbox 1023 2072 1155 2122; x_wconf 91' lang='lat' dir='ltr'>XXXVI.</span> <span class='ocrx_word' id='word_1_196' title='bbox 1172 2073 1213 2121; x_wconf 78' lang='lat'>34.</span> <span class='ocrx_word' id='word_1_197' title='bbox 1235 2074 1278 2120; x_wconf 84' lang='lat' dir='ltr'>sni</span> <span class='ocrx_word' id='word_1_198' title='bbox 1298 2074 1381 2134; x_wconf 78' lang='lat' dir='ltr'>operis</span> <span class='ocrx_word' id='word_1_199' title='bbox 1396 2086 1448 2120; x_wconf 86' lang='lat' dir='ltr'>esse</span> <span class='ocrx_word' id='word_1_200' title='bbox 1463 2087 1518 2120; x_wconf 89' lang='lat' dir='ltr'>cre-</span> 
     </span>
     <span class='ocr_line' id='line_1_20' title="bbox 379 2152 1517 2216; baseline 0.002 -19"><span class='ocrx_word' id='word_1_201' title='bbox 379 2152 446 2198; x_wconf 83' lang='lat' dir='ltr'>dens.</span> <span class='ocrx_word' id='word_1_202' title='bbox 479 2152 554 2201; x_wconf 91' lang='lat' dir='ltr'>Adde</span> <span class='ocrx_word' id='word_1_203' title='bbox 571 2152 731 2202; x_wconf 88' lang='lat' dir='ltr'>XXXVIII.</span> <span class='ocrx_word' id='word_1_204' title='bbox 748 2154 771 2202; x_wconf 88' lang='lat'>9.</span> <span class='ocrx_word' id='word_1_205' title='bbox 798 2155 976 2216; x_wconf 76' lang='lat' dir='ltr'>Amynander,</span> <span class='ocrx_word' id='word_1_206' title='bbox 997 2155 1063 2216; x_wconf 78' lang='lat' dir='ltr'>qnod</span> <span class='ocrx_word' id='word_1_207' title='bbox 1086 2155 1128 2201; x_wconf 85' lang='lat' dir='ltr'>sni</span> <span class='ocrx_word' id='word_1_208' title='bbox 1149 2154 1258 2200; x_wconf 77' lang='lat' dir='ltr'>nmninre</span> <span class='ocrx_word' id='word_1_209' title='bbox 1279 2155 1361 2214; x_wconf 82' lang='lat' dir='ltr'>operis</span> <span class='ocrx_word' id='word_1_210' title='bbox 1380 2157 1449 2208; x_wconf 84' lang='lat' dir='ltr'>erat,</span> <span class='ocrx_word' id='word_1_211' title='bbox 1468 2153 1517 2199; x_wconf 87' lang='lat' dir='ltr'>im-</span> 
     </span>
     <span class='ocr_line' id='line_1_21' title="bbox 378 2219 1518 2300; baseline -0.001 -21"><span class='ocrx_word' id='word_1_212' title='bbox 378 2233 450 2292; x_wconf 84' lang='lat' dir='ltr'>pipre</span> <span class='ocrx_word' id='word_1_213' title='bbox 466 2235 561 2300; x_wconf 79' lang='lat' dir='ltr'>opstat.</span> <span class='ocrx_word' id='word_1_214' title='bbox 594 2233 638 2281; x_wconf 92' lang='lat' dir='ltr'>Ad</span> <span class='ocrx_word' id='word_1_215' title='bbox 663 2219 728 2280; x_wconf 86' lang='lat' dir='ltr'>hano</span> <span class='ocrx_word' id='word_1_216' title='bbox 749 2232 869 2280; x_wconf 83' lang='lat' dir='ltr'>rationem</span> <span class='ocrx_word' id='word_1_217' title='bbox 894 2232 1015 2280; x_wconf 88' lang='lat' dir='ltr'>Horatius</span> <span class='ocrx_word' id='word_1_218' title='bbox 1040 2230 1147 2279; x_wconf 90' lang='lat' dir='ltr'>scribere</span> <span class='ocrx_word' id='word_1_219' title='bbox 1163 2231 1293 2293; x_wconf 89' lang='lat' dir='ltr'>potuisset:</span> <span class='ocrx_word' id='word_1_220' title='bbox 1322 2231 1426 2290; x_wconf 75' lang='lat' dir='ltr'>Operis,</span> <span class='ocrx_word' id='word_1_221' title='bbox 1449 2231 1518 2278; x_wconf 79' lang='lat' dir='ltr'>mihi</span> 
     </span>
     <span class='ocr_line' id='line_1_22' title="bbox 378 2309 1517 2374; baseline 0 -17"><span class='ocrx_word' id='word_1_222' title='bbox 378 2311 462 2367; x_wconf 85' lang='lat' dir='ltr'>crede,</span> <span class='ocrx_word' id='word_1_223' title='bbox 479 2313 519 2359; x_wconf 87' lang='lat' dir='ltr'>tni</span> <span class='ocrx_word' id='word_1_224' title='bbox 536 2313 639 2360; x_wconf 84' lang='lat' dir='ltr'>horest.</span> <span class='ocrx_word' id='word_1_225' title='bbox 673 2310 783 2360; x_wconf 85' lang='lat' dir='ltr'>Difficile</span> <span class='ocrx_word' id='word_1_226' title='bbox 800 2318 849 2369; x_wconf 89' lang='lat' dir='ltr'>est,</span> <span class='ocrx_word' id='word_1_227' title='bbox 866 2312 932 2374; x_wconf 91' lang='lat' dir='ltr'>quod</span> <span class='ocrx_word' id='word_1_228' title='bbox 949 2311 1041 2373; x_wconf 86' lang='lat' dir='ltr'>legitur</span> <span class='ocrx_word' id='word_1_229' title='bbox 1057 2309 1084 2358; x_wconf 93' lang='lat' dir='ltr'>in</span> <span class='ocrx_word' id='word_1_230' title='bbox 1100 2310 1175 2359; x_wconf 85' lang='lat' dir='ltr'>Lirio</span> <span class='ocrx_word' id='word_1_231' title='bbox 1186 2309 1319 2359; x_wconf 86' lang='lat' dir='ltr'>XXXIII.</span> <span class='ocrx_word' id='word_1_232' title='bbox 1336 2309 1376 2356; x_wconf 82' lang='lat'>45.</span> <span class='ocrx_word' id='word_1_233' title='bbox 1386 2309 1517 2358; x_wconf 88' lang='lat' dir='ltr'>Hannibal</span> 
     </span>
     <span class='ocr_line' id='line_1_23' title="bbox 379 2389 1518 2453; baseline 0.003 -18"><span class='ocrx_word' id='word_1_234' title='bbox 379 2389 543 2450; x_wconf 84' lang='lat' dir='ltr'>querebatur:</span> <span class='ocrx_word' id='word_1_235' title='bbox 574 2392 733 2441; x_wconf 80' lang='lat' dir='ltr'>Marcescere</span> <span class='ocrx_word' id='word_1_236' title='bbox 754 2394 805 2440; x_wconf 82' lang='lat' dir='ltr'>otio</span> <span class='ocrx_word' id='word_1_237' title='bbox 828 2393 929 2453; x_wconf 73' lang='lat' dir='ltr'>sititque</span> <span class='ocrx_word' id='word_1_238' title='bbox 950 2392 1092 2446; x_wconf 84' lang='lat' dir='ltr'>civitatem,</span> <span class='ocrx_word' id='word_1_239' title='bbox 1112 2396 1137 2438; x_wconf 88' lang='lat' dir='ltr'>et</span> <span class='ocrx_word' id='word_1_240' title='bbox 1161 2390 1256 2437; x_wconf 82' lang='lat' dir='ltr'>inertie</span> <span class='ocrx_word' id='word_1_241' title='bbox 1276 2389 1370 2451; x_wconf 68' lang='lat' dir='ltr'>oper-rs,</span> <span class='ocrx_word' id='word_1_242' title='bbox 1396 2391 1518 2438; x_wconf 80' lang='lat' dir='ltr'>mesine</span> 
     </span>
     <span class='ocr_line' id='line_1_24' title="bbox 377 2466 1514 2533; baseline 0.001 -20"><span class='ocrx_word' id='word_1_243' title='bbox 377 2482 506 2517; x_wconf 84' lang='lat' dir='ltr'>armorum</span> <span class='ocrx_word' id='word_1_244' title='bbox 522 2471 606 2518; x_wconf 81' lang='lat' dir='ltr'>sonitu</span> <span class='ocrx_word' id='word_1_245' title='bbox 624 2471 733 2519; x_wconf 75' lang='lat' dir='ltr'>excitari</span> <span class='ocrx_word' id='word_1_246' title='bbox 748 2483 826 2533; x_wconf 85' lang='lat' dir='ltr'>posse.</span> <span class='ocrx_word' id='word_1_247' title='bbox 858 2469 1009 2532; x_wconf 84' lang='lat' dir='ltr'>Legendum</span> <span class='ocrx_word' id='word_1_248' title='bbox 1024 2475 1098 2530; x_wconf 86' lang='lat' dir='ltr'>puto:</span> <span class='ocrx_word' id='word_1_249' title='bbox 1116 2469 1204 2530; x_wconf 81' lang='lat' dir='ltr'>inopia</span> <span class='ocrx_word' id='word_1_250' title='bbox 1219 2469 1311 2529; x_wconf 82' lang='lat' dir='ltr'>operis.</span> <span class='ocrx_word' id='word_1_251' title='bbox 1344 2466 1425 2528; x_wconf 85' lang='lat' dir='ltr'>Igitur</span> <span class='ocrx_word' id='word_1_252' title='bbox 1440 2467 1514 2515; x_wconf 86' lang='lat' dir='ltr'>Han-</span> 
     </span>
     <span class='ocr_line' id='line_1_25' title="bbox 376 2544 1515 2614; baseline 0.003 -21"><span class='ocrx_word' id='word_1_253' title='bbox 376 2545 444 2594; x_wconf 88' lang='lat' dir='ltr'>nibal</span> <span class='ocrx_word' id='word_1_254' title='bbox 459 2563 523 2610; x_wconf 84' lang='lat' dir='ltr'>epus</span> <span class='ocrx_word' id='word_1_255' title='bbox 538 2548 683 2612; x_wconf 83' lang='lat' dir='ltr'>quaerebat,</span> <span class='ocrx_word' id='word_1_256' title='bbox 707 2555 736 2597; x_wconf 90' lang='lat' dir='ltr'>nt</span> <span class='ocrx_word' id='word_1_257' title='bbox 752 2551 791 2597; x_wconf 90' lang='lat' dir='ltr'>sui</span> <span class='ocrx_word' id='word_1_258' title='bbox 807 2549 937 2614; x_wconf 84' lang='lat' dir='ltr'>populares</span> <span class='ocrx_word' id='word_1_259' title='bbox 953 2547 1047 2596; x_wconf 87' lang='lat' dir='ltr'>bellum</span> <span class='ocrx_word' id='word_1_260' title='bbox 1064 2547 1197 2603; x_wconf 90' lang='lat' dir='ltr'>haberent,</span> <span class='ocrx_word' id='word_1_261' title='bbox 1222 2547 1295 2611; x_wconf 88' lang='lat' dir='ltr'>idque</span> <span class='ocrx_word' id='word_1_262' title='bbox 1312 2559 1369 2592; x_wconf 88' lang='lat' dir='ltr'>cum</span> <span class='ocrx_word' id='word_1_263' title='bbox 1385 2544 1515 2596; x_wconf 86' lang='lat' dir='ltr'>Antiocho</span> 
     </span>
     <span class='ocr_line' id='line_1_26' title="bbox 376 2623 1516 2692; baseline 0.001 -18"><span class='ocrx_word' id='word_1_264' title='bbox 376 2625 496 2675; x_wconf 80' lang='lat' dir='ltr'>Romanis</span> <span class='ocrx_word' id='word_1_265' title='bbox 511 2627 619 2677; x_wconf 83' lang='lat' dir='ltr'>inferret.</span> <span class='ocrx_word' id='word_1_266' title='bbox 644 2628 695 2688; x_wconf 50' lang='lat' dir='ltr'>¹Sic</span> <span class='ocrx_word' id='word_1_267' title='bbox 716 2631 781 2692; x_wconf 77' lang='lat' dir='ltr'>apud</span> <span class='ocrx_word' id='word_1_268' title='bbox 798 2631 905 2678; x_wconf 86' lang='lat' dir='ltr'>eundem</span> <span class='ocrx_word' id='word_1_269' title='bbox 925 2628 959 2677; x_wconf 91' lang='lat' dir='ltr'>V.</span> <span class='ocrx_word' id='word_1_270' title='bbox 977 2641 1011 2676; x_wconf 91' lang='lat'>111</span> <span class='ocrx_word' id='word_1_271' title='bbox 1028 2623 1122 2674; x_wconf 89' lang='lat' dir='ltr'>tribuni</span> <span class='ocrx_word' id='word_1_272' title='bbox 1143 2624 1232 2688; x_wconf 90' lang='lat' dir='ltr'>plebis,</span> <span class='ocrx_word' id='word_1_273' title='bbox 1255 2631 1384 2686; x_wconf 77' lang='lat' dir='ltr'>tamquam</span> <span class='ocrx_word' id='word_1_274' title='bbox 1401 2625 1516 2688; x_wconf 65' lang='lat' dir='ltr'>artifices</span> 
     </span>
     <span class='ocr_line' id='line_1_27' title="bbox 375 2708 713 2770; baseline 0.012 -18"><span class='ocrx_word' id='word_1_275' title='bbox 375 2708 484 2768; x_wconf 77' lang='lat' dir='ltr'>improbi</span> <span class='ocrx_word' id='word_1_276' title='bbox 500 2722 563 2769; x_wconf 81' lang='lat' dir='ltr'>epus</span> <span class='ocrx_word' id='word_1_277' title='bbox 579 2714 713 2770; x_wconf 71' lang='lat' dir='ltr'>qnamnnt.</span> 
     </span>
    </p>
   </div>
   <div class='ocr_carea' id='block_1_3' title="bbox 790 2877 1102 2929">
    <p class='ocr_par' dir='ltr' id='par_1_5' title="bbox 790 2877 1102 2929">
     <span class='ocr_line' id='line_1_28' title="bbox 790 2877 1102 2929; baseline 0 -1"><span class='ocrx_word' id='word_1_278' title='bbox 790 2887 822 2928; x_wconf 86' lang='lat'>1.</span> <span class='ocrx_word' id='word_1_279' title='bbox 859 2877 998 2929; x_wconf 86' lang='lat' dir='ltr'>SATIRA</span> <span class='ocrx_word' id='word_1_280' title='bbox 1023 2880 1102 2929; x_wconf 91' lang='lat' dir='ltr'>VIII.</span> 
     </span>
    </p>
   </div>
   <div class='ocr_carea' id='block_1_4' title="bbox 368 3019 1510 3640">
    <p class='ocr_par' dir='ltr' id='par_1_6' title="bbox 370 3019 1510 3242">
     <span class='ocr_line' id='line_1_29' title="bbox 406 3019 1510 3087; baseline 0.004 -19"><span class='ocrx_word' id='word_1_281' title='bbox 406 3019 437 3068; x_wconf 92' lang='lat' dir='ltr'>P.</span> <span class='ocrx_word' id='word_1_282' title='bbox 454 3021 494 3072; x_wconf 89' lang='lat'>67.</span> <span class='ocrx_word' id='word_1_283' title='bbox 528 3025 664 3072; x_wconf 81' lang='lat' dir='ltr'>Faceretne</span> <span class='ocrx_word' id='word_1_284' title='bbox 687 3021 822 3084; x_wconf 81' lang='lat' dir='ltr'>Priapum.</span> <span class='ocrx_word' id='word_1_285' title='bbox 856 3022 889 3070; x_wconf 92' lang='lat' dir='ltr'>In</span> <span class='ocrx_word' id='word_1_286' title='bbox 913 3021 1019 3071; x_wconf 85' lang='lat' dir='ltr'>Anthol.</span> <span class='ocrx_word' id='word_1_287' title='bbox 1045 3023 1133 3071; x_wconf 91' lang='lat' dir='ltr'>Burm.</span> <span class='ocrx_word' id='word_1_288' title='bbox 1158 3023 1188 3071; x_wconf 87' lang='lat' dir='ltr'>T.</span> <span class='ocrx_word' id='word_1_289' title='bbox 1210 3023 1246 3071; x_wconf 88' lang='grc' dir='ltr'>ΙΙ.</span> <span class='ocrx_word' id='word_1_290' title='bbox 1271 3039 1294 3085; x_wconf 94' lang='lat' dir='ltr'>p.</span> <span class='ocrx_word' id='word_1_291' title='bbox 1317 3024 1373 3072; x_wconf 77' lang='lat'>542.</span> <span class='ocrx_word' id='word_1_292' title='bbox 1401 3023 1510 3087; x_wconf 86' lang='lat' dir='ltr'>Priapus</span> 
     </span>
     <span class='ocr_line' id='line_1_30' title="bbox 373 3099 1508 3165; baseline 0.004 -19"><span class='ocrx_word' id='word_1_293' title='bbox 373 3099 490 3162; x_wconf 86' lang='lat' dir='ltr'>loquitur:</span> <span class='ocrx_word' id='word_1_294' title='bbox 511 3102 572 3150; x_wconf 83' lang='lat' dir='ltr'>Hae</span> <span class='ocrx_word' id='word_1_295' title='bbox 590 3115 645 3163; x_wconf 79' lang='lat' dir='ltr'>epo,</span> <span class='ocrx_word' id='word_1_296' title='bbox 662 3103 797 3163; x_wconf 84' lang='lat' dir='ltr'>Penelope,</span> <span class='ocrx_word' id='word_1_297' title='bbox 815 3103 890 3162; x_wconf 83' lang='lat' dir='ltr'>potui</span> <span class='ocrx_word' id='word_1_298' title='bbox 908 3103 953 3149; x_wconf 83' lang='lat' dir='ltr'>tibi</span> <span class='ocrx_word' id='word_1_299' title='bbox 975 3103 1026 3163; x_wconf 83' lang='lat' dir='ltr'>lepe</span> <span class='ocrx_word' id='word_1_300' title='bbox 1040 3104 1156 3165; x_wconf 76' lang='lat' dir='ltr'>plaeere3</span> <span class='ocrx_word' id='word_1_301' title='bbox 1186 3105 1239 3152; x_wconf 84' lang='lat' dir='ltr'>Illo</span> <span class='ocrx_word' id='word_1_302' title='bbox 1259 3105 1303 3151; x_wconf 87' lang='lat' dir='ltr'>sed</span> <span class='ocrx_word' id='word_1_303' title='bbox 1318 3105 1428 3152; x_wconf 83' lang='lat' dir='ltr'>nondum</span> <span class='ocrx_word' id='word_1_304' title='bbox 1445 3109 1508 3151; x_wconf 85' lang='lat' dir='ltr'>tem-</span> 
     </span>
     <span class='ocr_line' id='line_1_31' title="bbox 370 3178 1509 3242; baseline 0.004 -16"><span class='ocrx_word' id='word_1_305' title='bbox 370 3193 432 3240; x_wconf 83' lang='lat' dir='ltr'>pore</span> <span class='ocrx_word' id='word_1_306' title='bbox 442 3178 535 3242; x_wconf 78' lang='lat' dir='ltr'>faetus</span> <span class='ocrx_word' id='word_1_307' title='bbox 551 3195 628 3228; x_wconf 73' lang='lat' dir='ltr'>mont.</span> <span class='ocrx_word' id='word_1_308' title='bbox 662 3179 711 3230; x_wconf 88' lang='lat' dir='ltr'>Ubi</span> <span class='ocrx_word' id='word_1_309' title='bbox 728 3180 889 3228; x_wconf 88' lang='lat' dir='ltr'>Burmannus</span> <span class='ocrx_word' id='word_1_310' title='bbox 906 3195 938 3228; x_wconf 88' lang='lat' dir='ltr'>ex</span> <span class='ocrx_word' id='word_1_311' title='bbox 956 3180 1013 3230; x_wconf 89' lang='lat' dir='ltr'>MS.</span> <span class='ocrx_word' id='word_1_312' title='bbox 1030 3181 1139 3229; x_wconf 83' lang='lat' dir='ltr'>malebat</span> <span class='ocrx_word' id='word_1_313' title='bbox 1154 3187 1240 3230; x_wconf 83' lang='lat' dir='ltr'>natus.</span> <span class='ocrx_word' id='word_1_314' title='bbox 1273 3181 1369 3230; x_wconf 88' lang='lat' dir='ltr'>Dubito</span> <span class='ocrx_word' id='word_1_315' title='bbox 1385 3190 1509 3231; x_wconf 80' lang='lat' dir='ltr'>annecte.</span> 
     </span>
    </p>

    <p class='ocr_par' dir='ltr' id='par_1_7' title="bbox 368 3257 1510 3477">
     <span class='ocr_line' id='line_1_32' title="bbox 421 3257 1509 3323; baseline 0.003 -17"><span class='ocrx_word' id='word_1_316' title='bbox 421 3257 451 3306; x_wconf 93' lang='lat' dir='ltr'>P.</span> <span class='ocrx_word' id='word_1_317' title='bbox 468 3257 508 3306; x_wconf 88' lang='lat'>68.</span> <span class='ocrx_word' id='word_1_318' title='bbox 542 3260 632 3306; x_wconf 83' lang='lat' dir='ltr'>Dabat</span> <span class='ocrx_word' id='word_1_319' title='bbox 643 3260 671 3306; x_wconf 87' lang='lat' dir='ltr'>in</span> <span class='ocrx_word' id='word_1_320' title='bbox 681 3261 825 3320; x_wconf 82' lang='lat' dir='ltr'>sepulcrum</span> <span class='ocrx_word' id='word_1_321' title='bbox 842 3261 910 3308; x_wconf 79' lang='lat' dir='ltr'>inille</span> <span class='ocrx_word' id='word_1_322' title='bbox 917 3262 997 3321; x_wconf 79' lang='lat' dir='ltr'>pedes.</span> <span class='ocrx_word' id='word_1_323' title='bbox 1023 3259 1059 3308; x_wconf 90' lang='lat' dir='ltr'>Ut</span> <span class='ocrx_word' id='word_1_324' title='bbox 1081 3262 1183 3309; x_wconf 85' lang='lat' dir='ltr'>Terent.</span> <span class='ocrx_word' id='word_1_325' title='bbox 1200 3260 1322 3323; x_wconf 88' lang='lat' dir='ltr'>Adelphis</span> <span class='ocrx_word' id='word_1_326' title='bbox 1340 3260 1391 3309; x_wconf 90' lang='lat' dir='ltr'>III.</span> <span class='ocrx_word' id='word_1_327' title='bbox 1413 3276 1453 3309; x_wconf 92' lang='lat'>111.</span> <span class='ocrx_word' id='word_1_328' title='bbox 1469 3263 1509 3310; x_wconf 82' lang='lat'>15.</span> 
     </span>
     <span class='ocr_line' id='line_1_33' title="bbox 370 3337 1510 3403; baseline 0.005 -20"><span class='ocrx_word' id='word_1_329' title='bbox 370 3337 452 3384; x_wconf 83' lang='lat' dir='ltr'>Dedit</span> <span class='ocrx_word' id='word_1_330' title='bbox 469 3338 497 3384; x_wconf 86' lang='lat' dir='ltr'>in</span> <span class='ocrx_word' id='word_1_331' title='bbox 513 3343 613 3386; x_wconf 80' lang='lat' dir='ltr'>sumtus</span> <span class='ocrx_word' id='word_1_332' title='bbox 629 3339 763 3386; x_wconf 80' lang='lat' dir='ltr'>dimidium</span> <span class='ocrx_word' id='word_1_333' title='bbox 780 3341 868 3388; x_wconf 85' lang='lat' dir='ltr'>minae.</span> <span class='ocrx_word' id='word_1_334' title='bbox 902 3337 989 3387; x_wconf 87' lang='lat' dir='ltr'>Valer.</span> <span class='ocrx_word' id='word_1_335' title='bbox 1005 3338 1109 3388; x_wconf 83' lang='lat' dir='ltr'>Flaccus</span> <span class='ocrx_word' id='word_1_336' title='bbox 1126 3339 1191 3388; x_wconf 85' lang='lat' dir='ltr'>VII.</span> <span class='ocrx_word' id='word_1_337' title='bbox 1211 3338 1268 3387; x_wconf 75' lang='lat'>545.</span> <span class='ocrx_word' id='word_1_338' title='bbox 1285 3341 1359 3388; x_wconf 83' lang='lat' dir='ltr'>daret</span> <span class='ocrx_word' id='word_1_339' title='bbox 1379 3343 1510 3403; x_wconf 83' lang='lat' dir='ltr'>aeripedes</span> 
     </span>
     <span class='ocr_line' id='line_1_34' title="bbox 368 3417 621 3477; baseline 0.012 -14"><span class='ocrx_word' id='word_1_340' title='bbox 368 3417 397 3464; x_wconf 89' lang='lat' dir='ltr'>in</span> <span class='ocrx_word' id='word_1_341' title='bbox 410 3418 509 3477; x_wconf 77' lang='lat' dir='ltr'>proelia</span> <span class='ocrx_word' id='word_1_342' title='bbox 526 3423 621 3467; x_wconf 79' lang='lat' dir='ltr'>tauros.</span> 
     </span>
    </p>

    <p class='ocr_par' dir='ltr' id='par_1_8' title="bbox 368 3493 1506 3640">
     <span class='ocr_line' id='line_1_35' title="bbox 418 3493 1506 3561; baseline 0.004 -19"><span class='ocrx_word' id='word_1_343' title='bbox 418 3493 447 3544; x_wconf 90' lang='lat' dir='ltr'>P.</span> <span class='ocrx_word' id='word_1_344' title='bbox 466 3497 505 3544; x_wconf 85' lang='lat'>69.</span> <span class='ocrx_word' id='word_1_345' title='bbox 540 3497 658 3546; x_wconf 81' lang='lat' dir='ltr'>Protulit</span> <span class='ocrx_word' id='word_1_346' title='bbox 675 3511 714 3556; x_wconf 88' lang='lat' dir='ltr'>os,</span> <span class='ocrx_word' id='word_1_347' title='bbox 731 3499 792 3560; x_wconf 81' lang='lat' dir='ltr'>quin</span> <span class='ocrx_word' id='word_1_348' title='bbox 809 3513 864 3546; x_wconf 84' lang='lat' dir='ltr'>osan</span> <span class='ocrx_word' id='word_1_349' title='bbox 882 3499 974 3560; x_wconf 82' lang='lat' dir='ltr'>lepont.</span> <span class='ocrx_word' id='word_1_350' title='bbox 1006 3498 1066 3547; x_wconf 84' lang='lat' dir='ltr'>Non</span> <span class='ocrx_word' id='word_1_351' title='bbox 1081 3513 1184 3561; x_wconf 90' lang='lat' dir='ltr'>possum</span> <span class='ocrx_word' id='word_1_352' title='bbox 1199 3504 1292 3557; x_wconf 87' lang='lat' dir='ltr'>tacere,</span> <span class='ocrx_word' id='word_1_353' title='bbox 1309 3513 1385 3561; x_wconf 86' lang='lat' dir='ltr'>quam</span> <span class='ocrx_word' id='word_1_354' title='bbox 1401 3498 1506 3561; x_wconf 69' lang='lat' dir='ltr'>indigna</span> 
     </span>
     <span class='ocr_line' id='line_1_36' title="bbox 368 3573 1505 3640; baseline 0.003 -18"><span class='ocrx_word' id='word_1_355' title='bbox 368 3573 434 3622; x_wconf 93' lang='lat' dir='ltr'>bono</span> <span class='ocrx_word' id='word_1_356' title='bbox 449 3577 523 3638; x_wconf 69' lang='lat' dir='ltr'>poeta</span> <span class='ocrx_word' id='word_1_357' title='bbox 539 3577 658 3636; x_wconf 91' lang='lat' dir='ltr'>iudicem,</span> <span class='ocrx_word' id='word_1_358' title='bbox 674 3577 777 3639; x_wconf 89' lang='lat' dir='ltr'>protulit</span> <span class='ocrx_word' id='word_1_359' title='bbox 801 3593 839 3636; x_wconf 86' lang='lat' dir='ltr'>os,</span> <span class='ocrx_word' id='word_1_360' title='bbox 856 3593 912 3626; x_wconf 86' lang='lat' dir='ltr'>ossa</span> <span class='ocrx_word' id='word_1_361' title='bbox 928 3577 1021 3640; x_wconf 85' lang='lat' dir='ltr'>legant.</span> <span class='ocrx_word' id='word_1_362' title='bbox 1055 3577 1133 3626; x_wconf 90' lang='lat' dir='ltr'>Suine</span> <span class='ocrx_word' id='word_1_363' title='bbox 1152 3577 1243 3626; x_wconf 88' lang='lat' dir='ltr'>oblitus</span> <span class='ocrx_word' id='word_1_364' title='bbox 1268 3584 1305 3626; x_wconf 87' lang='lat' dir='ltr'>est</span> <span class='ocrx_word' id='word_1_365' title='bbox 1321 3577 1455 3636; x_wconf 88' lang='lat' dir='ltr'>Horatius,</span> <span class='ocrx_word' id='word_1_366' title='bbox 1473 3593 1505 3625; x_wconf 89' lang='lat' dir='ltr'>an</span> 
     </span>
    </p>
   </div>
   <div class='ocr_carea' id='block_1_5' title="bbox 265 3654 1505 3798">
    <p class='ocr_par' dir='ltr' id='par_1_9' title="bbox 265 3654 1505 3798">
     <span class='ocr_line' id='line_1_37' title="bbox 290 3654 1505 3718; baseline 0.004 -18"><span class='ocrx_word' id='word_1_367' title='bbox 290 3671 292 3677; x_wconf 63' lang='grc'>’</span> <span class='ocrx_word' id='word_1_368' title='bbox 368 3667 416 3715; x_wconf 86' lang='lat' dir='ltr'>ego</span> <span class='ocrx_word' id='word_1_369' title='bbox 436 3669 537 3716; x_wconf 89' lang='lat' dir='ltr'>prorsus</span> <span class='ocrx_word' id='word_1_370' title='bbox 562 3654 635 3702; x_wconf 88' lang='lat' dir='ltr'>fallor</span> <span class='ocrx_word' id='word_1_371' title='bbox 660 3661 685 3702; x_wconf 91' lang='lat' dir='ltr'>et</span> <span class='ocrx_word' id='word_1_372' title='bbox 709 3654 828 3704; x_wconf 88' lang='lat' dir='ltr'>morosior</span> <span class='ocrx_word' id='word_1_373' title='bbox 845 3659 917 3703; x_wconf 74' lang='lat' dir='ltr'>sum?</span> <span class='ocrx_word' id='word_1_374' title='bbox 950 3655 978 3705; x_wconf 87' lang='lat' dir='ltr'>si</span> <span class='ocrx_word' id='word_1_375' title='bbox 999 3656 1146 3705; x_wconf 82' lang='lat' dir='ltr'>haberemus</span> <span class='ocrx_word' id='word_1_376' title='bbox 1168 3656 1226 3706; x_wconf 88' lang='lat' dir='ltr'>MS.</span> <span class='ocrx_word' id='word_1_377' title='bbox 1248 3656 1274 3703; x_wconf 90' lang='lat' dir='ltr'>iu</span> <span class='ocrx_word' id='word_1_378' title='bbox 1296 3670 1346 3718; x_wconf 92' lang='lat' dir='ltr'>quo</span> <span class='ocrx_word' id='word_1_379' title='bbox 1367 3655 1505 3718; x_wconf 84' lang='lat' dir='ltr'>legeretur:</span> 
     </span>
     <span class='ocr_line' id='line_1_38' title="bbox 265 3734 1505 3798; baseline 0.002 -19"><span class='ocrx_word' id='word_1_380' title='bbox 265 3763 269 3770; x_wconf 84' lang='lat'><strong>·</strong></span> <span class='ocrx_word' id='word_1_381' title='bbox 367 3734 441 3780; x_wconf 83' lang='lat' dir='ltr'>vultu</span> <span class='ocrx_word' id='word_1_382' title='bbox 457 3735 501 3781; x_wconf 82' lang='lat' dir='ltr'>vir</span> <span class='ocrx_word' id='word_1_383' title='bbox 518 3737 594 3782; x_wconf 84' lang='lat' dir='ltr'>Lena</span> <span class='ocrx_word' id='word_1_384' title='bbox 610 3735 696 3782; x_wconf 83' lang='lat' dir='ltr'>decoro</span> <span class='ocrx_word' id='word_1_385' title='bbox 716 3736 820 3793; x_wconf 84' lang='lat' dir='ltr'>Prodit,</span> <span class='ocrx_word' id='word_1_386' title='bbox 836 3749 915 3796; x_wconf 84' lang='lat' dir='ltr'>qnnm</span> <span class='ocrx_word' id='word_1_387' title='bbox 932 3750 989 3784; x_wconf 86' lang='lat' dir='ltr'>ossa</span> <span class='ocrx_word' id='word_1_388' title='bbox 1005 3734 1106 3797; x_wconf 73' lang='lat' dir='ltr'>seprdta</span> <span class='ocrx_word' id='word_1_389' title='bbox 1122 3738 1219 3798; x_wconf 79' lang='lat' dir='ltr'>lepnnt,</span> <span class='ocrx_word' id='word_1_390' title='bbox 1237 3737 1374 3796; x_wconf 77' lang='lat' dir='ltr'>herbasque</span> <span class='ocrx_word' id='word_1_391' title='bbox 1384 3739 1505 3792; x_wconf 65' lang='lat' dir='ltr'>neantes,</span> 
     </span>
    </p>
   </div>
   <div class='ocr_carea' id='block_1_6' title="bbox 367 3809 1505 3954">
    <p class='ocr_par' dir='ltr' id='par_1_10' title="bbox 367 3809 1505 3954">
     <span class='ocr_line' id='line_1_39' title="bbox 367 3809 1505 3877; baseline 0.004 -20"><span class='ocrx_word' id='word_1_392' title='bbox 367 3809 433 3858; x_wconf 85' lang='lat' dir='ltr'>dicet</span> <span class='ocrx_word' id='word_1_393' title='bbox 449 3811 492 3874; x_wconf 88' lang='lat' dir='ltr'>qni</span> <span class='ocrx_word' id='word_1_394' title='bbox 509 3811 583 3869; x_wconf 84' lang='lat' dir='ltr'>velit,</span> <span class='ocrx_word' id='word_1_395' title='bbox 601 3825 633 3858; x_wconf 91' lang='lat' dir='ltr'>an</span> <span class='ocrx_word' id='word_1_396' title='bbox 650 3825 701 3858; x_wconf 89' lang='lat' dir='ltr'>non</span> <span class='ocrx_word' id='word_1_397' title='bbox 717 3826 803 3860; x_wconf 84' lang='lat' dir='ltr'>versus</span> <span class='ocrx_word' id='word_1_398' title='bbox 820 3819 902 3860; x_wconf 83' lang='lat' dir='ltr'>esseut</span> <span class='ocrx_word' id='word_1_399' title='bbox 918 3811 993 3876; x_wconf 83' lang='lat' dir='ltr'>louge</span> <span class='ocrx_word' id='word_1_400' title='bbox 1009 3812 1178 3876; x_wconf 79' lang='lat' dir='ltr'>pulchriores,</span> <span class='ocrx_word' id='word_1_401' title='bbox 1195 3828 1283 3877; x_wconf 86' lang='lat' dir='ltr'>qnam:</span> <span class='ocrx_word' id='word_1_402' title='bbox 1299 3813 1376 3861; x_wconf 69' lang='lat' dir='ltr'>sinim</span> <span class='ocrx_word' id='word_1_403' title='bbox 1392 3827 1424 3860; x_wconf 82' lang='lat' dir='ltr'>ac</span> <span class='ocrx_word' id='word_1_404' title='bbox 1440 3828 1505 3874; x_wconf 82' lang='lat' dir='ltr'>repe</span> 
     </span>
     <span class='ocr_line' id='line_1_40' title="bbox 368 3889 1503 3954; baseline 0.004 -18"><span class='ocrx_word' id='word_1_405' title='bbox 368 3890 445 3938; x_wconf 82' lang='lat' dir='ltr'>Luna</span> <span class='ocrx_word' id='word_1_406' title='bbox 463 3891 579 3940; x_wconf 81' lang='lat' dir='ltr'>decorum</span> <span class='ocrx_word' id='word_1_407' title='bbox 612 3891 731 3939; x_wconf 82' lang='lat' dir='ltr'>Protulit</span> <span class='ocrx_word' id='word_1_408' title='bbox 755 3905 793 3946; x_wconf 83' lang='lat' dir='ltr'>oa,</span> <span class='ocrx_word' id='word_1_409' title='bbox 819 3893 881 3952; x_wconf 83' lang='lat' dir='ltr'>quin</span> <span class='ocrx_word' id='word_1_410' title='bbox 905 3906 961 3940; x_wconf 84' lang='lat' dir='ltr'>ossa</span> <span class='ocrx_word' id='word_1_411' title='bbox 983 3894 1075 3954; x_wconf 72' lang='lat' dir='ltr'>kpant.</span> <span class='ocrx_word' id='word_1_412' title='bbox 1115 3891 1148 3939; x_wconf 92' lang='lat' dir='ltr'>In</span> <span class='ocrx_word' id='word_1_413' title='bbox 1172 3891 1275 3954; x_wconf 85' lang='lat' dir='ltr'>vulgata</span> <span class='ocrx_word' id='word_1_414' title='bbox 1297 3891 1418 3952; x_wconf 83' lang='lat' dir='ltr'>scriptura</span> <span class='ocrx_word' id='word_1_415' title='bbox 1439 3889 1503 3940; x_wconf 91' lang='lat' dir='ltr'>illud</span> 
     </span>
    </p>
   </div>
   <div class='ocr_carea' id='block_1_7' title="bbox 275 3968 1502 4033">
    <p class='ocr_par' dir='ltr' id='par_1_11' title="bbox 275 3968 1502 4033">
     <span class='ocr_line' id='line_1_41' title="bbox 275 3968 1502 4033; baseline 0.002 -17"><span class='ocrx_word' id='word_1_416' title='bbox 275 3971 280 3978; x_wconf 81' lang='grc'><strong>“</strong></span> <span class='ocrx_word' id='word_1_417' title='bbox 365 3980 418 4018; x_wconf 85' lang='lat' dir='ltr'>ossa</span> <span class='ocrx_word' id='word_1_418' title='bbox 435 3971 520 4032; x_wconf 74' lang='lat' dir='ltr'>lepont</span> <span class='ocrx_word' id='word_1_419' title='bbox 536 3969 713 4033; x_wconf 79' lang='lat' dir='ltr'>hunc-quoqne</span> <span class='ocrx_word' id='word_1_420' title='bbox 735 3968 907 4018; x_wconf 84' lang='lat' dir='ltr'>difficultatem</span> <span class='ocrx_word' id='word_1_421' title='bbox 923 3969 1017 4027; x_wconf 89' lang='lat' dir='ltr'>obiicit,</span> <span class='ocrx_word' id='word_1_422' title='bbox 1033 3969 1100 4032; x_wconf 92' lang='lat' dir='ltr'>quod</span> <span class='ocrx_word' id='word_1_423' title='bbox 1116 3972 1214 4032; x_wconf 79' lang='lat' dir='ltr'>sepulta</span> <span class='ocrx_word' id='word_1_424' title='bbox 1231 3971 1306 4018; x_wconf 87' lang='lat' dir='ltr'>deest.</span> <span class='ocrx_word' id='word_1_425' title='bbox 1340 3969 1404 4019; x_wconf 88' lang='lat' dir='ltr'>Ossa</span> <span class='ocrx_word' id='word_1_426' title='bbox 1414 3969 1502 4033; x_wconf 83' lang='lat' dir='ltr'>legun-</span> 
     </span>
    </p>
   </div>
   <div class='ocr_carea' id='block_1_8' title="bbox 363 4048 1503 4270">
    <p class='ocr_par' dir='ltr' id='par_1_12' title="bbox 363 4048 1503 4270">
     <span class='ocr_line' id='line_1_42' title="bbox 365 4048 1503 4112; baseline 0.004 -18"><span class='ocrx_word' id='word_1_427' title='bbox 365 4052 407 4095; x_wconf 89' lang='lat' dir='ltr'>tur</span> <span class='ocrx_word' id='word_1_428' title='bbox 432 4049 529 4106; x_wconf 82' lang='lat' dir='ltr'>statim,</span> <span class='ocrx_word' id='word_1_429' title='bbox 553 4054 683 4112; x_wconf 84' lang='lat' dir='ltr'>postquem</span> <span class='ocrx_word' id='word_1_430' title='bbox 707 4049 812 4097; x_wconf 81' lang='lat' dir='ltr'>cadaver</span> <span class='ocrx_word' id='word_1_431' title='bbox 836 4054 873 4098; x_wconf 90' lang='lat' dir='ltr'>est</span> <span class='ocrx_word' id='word_1_432' title='bbox 895 4055 1043 4098; x_wconf 87' lang='lat' dir='ltr'>crematum:</span> <span class='ocrx_word' id='word_1_433' title='bbox 1065 4048 1187 4110; x_wconf 84' lang='lat' dir='ltr'>leguntur</span> <span class='ocrx_word' id='word_1_434' title='bbox 1208 4055 1291 4097; x_wconf 88' lang='lat' dir='ltr'>autem</span> <span class='ocrx_word' id='word_1_435' title='bbox 1313 4064 1329 4097; x_wconf 90' lang='lat' dir='ltr'>a</span> <span class='ocrx_word' id='word_1_436' title='bbox 1349 4049 1462 4112; x_wconf 84' lang='lat' dir='ltr'>cognatis</span> <span class='ocrx_word' id='word_1_437' title='bbox 1478 4058 1503 4099; x_wconf 92' lang='lat' dir='ltr'>et</span> 
     </span>
     <span class='ocr_line' id='line_1_43' title="bbox 365 4126 1502 4193; baseline 0.004 -20"><span class='ocrx_word' id='word_1_438' title='bbox 365 4127 456 4176; x_wconf 82' lang='lat' dir='ltr'>amicis.</span> <span class='ocrx_word' id='word_1_439' title='bbox 491 4128 583 4191; x_wconf 86' lang='lat' dir='ltr'>Magae</span> <span class='ocrx_word' id='word_1_440' title='bbox 599 4141 697 4193; x_wconf 86' lang='lat' dir='ltr'>quoque</span> <span class='ocrx_word' id='word_1_441' title='bbox 714 4128 797 4176; x_wconf 85' lang='lat' dir='ltr'>statim</span> <span class='ocrx_word' id='word_1_442' title='bbox 813 4143 868 4177; x_wconf 91' lang='lat' dir='ltr'>ossa</span> <span class='ocrx_word' id='word_1_443' title='bbox 883 4128 972 4190; x_wconf 83' lang='lat' dir='ltr'>legunt</span> <span class='ocrx_word' id='word_1_444' title='bbox 988 4127 1091 4175; x_wconf 88' lang='lat' dir='ltr'>cremati</span> <span class='ocrx_word' id='word_1_445' title='bbox 1106 4127 1233 4176; x_wconf 80' lang='lat' dir='ltr'>cadaveris</span> <span class='ocrx_word' id='word_1_446' title='bbox 1249 4126 1325 4177; x_wconf 82' lang='lat' dir='ltr'>Orid.</span> <span class='ocrx_word' id='word_1_447' title='bbox 1341 4127 1443 4176; x_wconf 87' lang='lat' dir='ltr'>Heroid.</span> <span class='ocrx_word' id='word_1_448' title='bbox 1451 4129 1502 4178; x_wconf 83' lang='lat' dir='ltr'>VI.</span> 
     </span>
     <span class='ocr_line' id='line_1_44' title="bbox 363 4206 1502 4270; baseline 0.002 -16"><span class='ocrx_word' id='word_1_449' title='bbox 363 4206 571 4258; x_wconf 68' lang='lat' dir='ltr'>essersene:</span> <span class='ocrx_word' id='word_1_450' title='bbox 598 4210 653 4257; x_wconf 86' lang='lat' dir='ltr'>Per</span> <span class='ocrx_word' id='word_1_451' title='bbox 669 4209 780 4256; x_wconf 75' lang='lat' dir='ltr'>turrrulos</span> <span class='ocrx_word' id='word_1_452' title='bbox 795 4213 867 4257; x_wconf 84' lang='lat' dir='ltr'>errat</span> <span class='ocrx_word' id='word_1_453' title='bbox 882 4209 965 4270; x_wconf 82' lang='lat' dir='ltr'>passis</span> <span class='ocrx_word' id='word_1_454' title='bbox 981 4209 1107 4255; x_wconf 82' lang='lat' dir='ltr'>discincta</span> <span class='ocrx_word' id='word_1_455' title='bbox 1122 4208 1237 4270; x_wconf 82' lang='lat' dir='ltr'>capillis,</span> <span class='ocrx_word' id='word_1_456' title='bbox 1273 4207 1398 4268; x_wconf 82' lang='lat' dir='ltr'>Certaque</span> <span class='ocrx_word' id='word_1_457' title='bbox 1419 4209 1450 4256; x_wconf 89' lang='lat' dir='ltr'>de</span> <span class='ocrx_word' id='word_1_458' title='bbox 1466 4213 1502 4257; x_wconf 89' lang='lat' dir='ltr'>te·</span> 
     </span>
    </p>
   </div>
   <div class='ocr_carea' id='block_1_9' title="bbox 361 4286 1591 4351">
    <p class='ocr_par' dir='ltr' id='par_1_13' title="bbox 361 4286 1591 4351">
     <span class='ocr_line' id='line_1_45' title="bbox 361 4286 1591 4351; baseline -0.002 -15"><span class='ocrx_word' id='word_1_459' title='bbox 361 4289 430 4348; x_wconf 78' lang='lat' dir='ltr'>pidis</span> <span class='ocrx_word' id='word_1_460' title='bbox 451 4289 548 4350; x_wconf 72' lang='lat' dir='ltr'>callipit</span> <span class='ocrx_word' id='word_1_461' title='bbox 570 4301 627 4336; x_wconf 82' lang='lat' dir='ltr'>ossa</span> <span class='ocrx_word' id='word_1_462' title='bbox 651 4289 724 4350; x_wconf 79' lang='lat' dir='ltr'>repis.</span> <span class='ocrx_word' id='word_1_463' title='bbox 757 4288 871 4351; x_wconf 89' lang='lat' dir='ltr'>Propert.</span> <span class='ocrx_word' id='word_1_464' title='bbox 893 4286 944 4336; x_wconf 89' lang='lat'>111.</span> <span class='ocrx_word' id='word_1_465' title='bbox 966 4287 1061 4339; x_wconf 81' lang='lat' dir='ltr'>1v.27.</span> <span class='ocrx_word' id='word_1_466' title='bbox 1091 4288 1174 4336; x_wconf 79' lang='lat' dir='ltr'>Ilium</span> <span class='ocrx_word' id='word_1_467' title='bbox 1195 4288 1322 4349; x_wconf 71' lang='lat' dir='ltr'>torpentis</span> <span class='ocrx_word' id='word_1_468' title='bbox 1342 4301 1423 4335; x_wconf 86' lang='lat' dir='ltr'>ranae</span> <span class='ocrx_word' id='word_1_469' title='bbox 1442 4302 1500 4349; x_wconf 87' lang='lat' dir='ltr'>per-</span> <span class='ocrx_word' id='word_1_470' title='bbox 1587 4297 1591 4300; x_wconf 79' lang='grc'><strong>’</strong></span> 
     </span>
    </p>
   </div>
   <div class='ocr_carea' id='block_1_10' title="bbox 327 4364 1500 4592">
    <p class='ocr_par' dir='ltr' id='par_1_14' title="bbox 327 4364 1500 4592">
     <span class='ocr_line' id='line_1_46' title="bbox 327 4364 1500 4430; baseline -0.002 -16"><span class='ocrx_word' id='word_1_471' title='bbox 327 4375 331 4383; x_wconf 85' lang='grc'><strong>’</strong></span> <span class='ocrx_word' id='word_1_472' title='bbox 363 4371 435 4415; x_wconf 84' lang='lat' dir='ltr'>tenta</span> <span class='ocrx_word' id='word_1_473' title='bbox 451 4371 553 4417; x_wconf 83' lang='lat' dir='ltr'>rubetae</span> <span class='ocrx_word' id='word_1_474' title='bbox 587 4368 626 4415; x_wconf 85' lang='lat' dir='ltr'>Et</span> <span class='ocrx_word' id='word_1_475' title='bbox 650 4368 715 4416; x_wconf 82' lang='lat' dir='ltr'>lectu</span> <span class='ocrx_word' id='word_1_476' title='bbox 735 4371 840 4418; x_wconf 74' lang='lat' dir='ltr'>exsectis</span> <span class='ocrx_word' id='word_1_477' title='bbox 863 4369 987 4430; x_wconf 78' lang='lat' dir='ltr'>nnpnibns</span> <span class='ocrx_word' id='word_1_478' title='bbox 1003 4382 1059 4416; x_wconf 85' lang='lat' dir='ltr'>osea</span> <span class='ocrx_word' id='word_1_479' title='bbox 1082 4369 1196 4416; x_wconf 81' lang='lat' dir='ltr'>trahunt.</span> <span class='ocrx_word' id='word_1_480' title='bbox 1228 4365 1279 4415; x_wconf 91' lang='lat' dir='ltr'>Ubi</span> <span class='ocrx_word' id='word_1_481' title='bbox 1295 4364 1500 4428; x_wconf 79' lang='lat' dir='ltr'>fortasselegen·</span> 
     </span>
     <span class='ocr_line' id='line_1_47' title="bbox 363 4443 1500 4512; baseline 0.002 -20"><span class='ocrx_word' id='word_1_482' title='bbox 363 4446 435 4494; x_wconf 86' lang='lat' dir='ltr'>dum:</span> <span class='ocrx_word' id='word_1_483' title='bbox 468 4450 507 4496; x_wconf 84' lang='lat' dir='ltr'>Et</span> <span class='ocrx_word' id='word_1_484' title='bbox 533 4450 597 4496; x_wconf 84' lang='lat' dir='ltr'>lecta</span> <span class='ocrx_word' id='word_1_485' title='bbox 621 4449 754 4497; x_wconf 71' lang='lat' dir='ltr'>exstinctis</span> <span class='ocrx_word' id='word_1_486' title='bbox 778 4449 878 4512; x_wconf 55' lang='lat' dir='ltr'>mnibus</span> <span class='ocrx_word' id='word_1_487' title='bbox 902 4462 959 4496; x_wconf 86' lang='lat' dir='ltr'>ossa</span> <span class='ocrx_word' id='word_1_488' title='bbox 981 4450 1096 4496; x_wconf 82' lang='lat' dir='ltr'>trahunt.</span> <span class='ocrx_word' id='word_1_489' title='bbox 1130 4445 1248 4495; x_wconf 80' lang='lat' dir='ltr'>Tibullus</span> <span class='ocrx_word' id='word_1_490' title='bbox 1264 4445 1285 4493; x_wconf 94' lang='lat' dir='ltr'>I.</span> <span class='ocrx_word' id='word_1_491' title='bbox 1303 4459 1332 4493; x_wconf 90' lang='lat' dir='ltr'>1r.</span> <span class='ocrx_word' id='word_1_492' title='bbox 1350 4443 1390 4491; x_wconf 78' lang='lat' dir='ltr'>tt.</span> <span class='ocrx_word' id='word_1_493' title='bbox 1425 4446 1500 4494; x_wconf 84' lang='lat' dir='ltr'>Haec</span> 
     </span>
     <span class='ocr_line' id='line_1_48' title="bbox 362 4526 1499 4592; baseline 0.002 -21"><span class='ocrx_word' id='word_1_494' title='bbox 362 4530 440 4574; x_wconf 82' lang='lat' dir='ltr'>cantu</span> <span class='ocrx_word' id='word_1_495' title='bbox 449 4526 579 4589; x_wconf 77' lang='lat' dir='ltr'>finditque</span> <span class='ocrx_word' id='word_1_496' title='bbox 595 4528 687 4584; x_wconf 85' lang='lat' dir='ltr'>solnm,</span> <span class='ocrx_word' id='word_1_497' title='bbox 704 4542 837 4590; x_wconf 69' lang='lat' dir='ltr'>tironesque</span> <span class='ocrx_word' id='word_1_498' title='bbox 852 4529 976 4592; x_wconf 75' lang='lat' dir='ltr'>sepulcris</span> <span class='ocrx_word' id='word_1_499' title='bbox 994 4528 1088 4587; x_wconf 84' lang='lat' dir='ltr'>Elicit,</span> <span class='ocrx_word' id='word_1_500' title='bbox 1105 4533 1130 4577; x_wconf 86' lang='lat' dir='ltr'>et</span> <span class='ocrx_word' id='word_1_501' title='bbox 1143 4527 1225 4589; x_wconf 80' lang='lat' dir='ltr'>tepido</span> <span class='ocrx_word' id='word_1_502' title='bbox 1240 4527 1343 4574; x_wconf 64' lang='lat' dir='ltr'>decern</span> <span class='ocrx_word' id='word_1_503' title='bbox 1361 4538 1416 4573; x_wconf 85' lang='lat' dir='ltr'>ossa</span> <span class='ocrx_word' id='word_1_504' title='bbox 1434 4540 1499 4587; x_wconf 80' lang='lat' dir='ltr'>repe.</span> 
     </span>
    </p>
   </div>
   <div class='ocr_carea' id='block_1_11' title="bbox 0 0 1776 5634">
    <p class='ocr_par' dir='ltr' id='par_1_15' title="bbox 0 0 1776 5634">
     <span class='ocr_line' id='line_1_49' title="bbox 0 0 1776 5634; baseline 0 6"><span class='ocrx_word' id='word_1_505' title='bbox 0 0 1776 5634; x_wconf 95' lang='lat' dir='ltr'> </span> 
     </span>
    </p>
   </div>
  </div>
 </body>
</html>
