<?xml version="1.0" encoding="UTF-8"?>
<!DOCTYPE html PUBLIC "-//W3C//DTD XHTML 1.0 Transitional//EN"
    "http://www.w3.org/TR/xhtml1/DTD/xhtml1-transitional.dtd">
<html xmlns="http://www.w3.org/1999/xhtml" xml:lang="en" lang="en">
 <head>
  <title>
</title>
<meta http-equiv="Content-Type" content="text/html;charset=utf-8" />
  <meta name='ocr-system' content='tesseract 3.04.00' />
  <meta name='ocr-capabilities' content='ocr_page ocr_carea ocr_par ocr_line ocrx_word'/>
</head>
<body>
  <div class='ocr_page' id='page_1' title='image "./qhoratiiflaccis01peergoog_0081.png"; bbox 0 0 3542 5634; ppageno 0'>
   <div class='ocr_carea' id='block_1_1' title="bbox 790 500 1146 570">
    <p class='ocr_par' dir='ltr' id='par_1_1' title="bbox 790 500 1146 570">
     <span class='ocr_line' id='line_1_1' title="bbox 790 500 1146 570; baseline -0.011 0"><span class='ocrx_word' id='word_1_1' title='bbox 790 500 1146 570; x_wconf 82' lang='lat' dir='ltr'><strong>SATIRARUM</strong></span> 
     </span>
    </p>
   </div>
   <div class='ocr_carea' id='block_1_2' title="bbox 366 692 1539 2434">
    <p class='ocr_par' dir='ltr' id='par_1_2' title="bbox 444 692 1350 888">
     <span class='ocr_line' id='line_1_2' title="bbox 444 692 1350 779; baseline -0.01 -16"><span class='ocrx_word' id='word_1_2' title='bbox 444 700 551 779; x_wconf 77' lang='lat' dir='ltr'>Quam</span> <span class='ocrx_word' id='word_1_3' title='bbox 579 696 678 761; x_wconf 81' lang='lat' dir='ltr'>Decio</span> <span class='ocrx_word' id='word_1_4' title='bbox 706 692 861 759; x_wconf 87' lang='lat' dir='ltr'>mandare</span> <span class='ocrx_word' id='word_1_5' title='bbox 879 710 981 770; x_wconf 90' lang='lat' dir='ltr'>novo,</span> <span class='ocrx_word' id='word_1_6' title='bbox 1006 709 1184 774; x_wconf 80' lang='lat' dir='ltr'><strong>censorque</strong></span> <span class='ocrx_word' id='word_1_7' title='bbox 1205 695 1350 755; x_wconf 89' lang='lat' dir='ltr'>moveret</span> 
     </span>
     <span class='ocr_line' id='line_1_3' title="bbox 444 795 1270 888; baseline -0.011 -21"><span class='ocrx_word' id='word_1_8' title='bbox 444 801 587 888; x_wconf 85' lang='lat' dir='ltr'>Appius,</span> <span class='ocrx_word' id='word_1_9' title='bbox 613 799 756 883; x_wconf 87' lang='lat' dir='ltr'>ingenuo</span> <span class='ocrx_word' id='word_1_10' title='bbox 774 795 803 861; x_wconf 91' lang='lat' dir='ltr'>si</span> <span class='ocrx_word' id='word_1_11' title='bbox 824 815 891 859; x_wconf 94' lang='lat' dir='ltr'>non</span> <span class='ocrx_word' id='word_1_12' title='bbox 913 813 1018 858; x_wconf 90' lang='lat' dir='ltr'>essem</span> <span class='ocrx_word' id='word_1_13' title='bbox 1040 798 1132 877; x_wconf 90' lang='lat' dir='ltr'>patre</span> <span class='ocrx_word' id='word_1_14' title='bbox 1153 798 1270 858; x_wconf 89' lang='lat' dir='ltr'>natus:</span> 
     </span>
    </p>

    <p class='ocr_par' dir='ltr' id='par_1_3' title="bbox 443 895 1456 1090">
     <span class='ocr_line' id='line_1_4' title="bbox 443 895 1456 985; baseline -0.01 -15"><span class='ocrx_word' id='word_1_15' title='bbox 443 905 506 970; x_wconf 91' lang='lat' dir='ltr'>Vel</span> <span class='ocrx_word' id='word_1_16' title='bbox 528 901 666 984; x_wconf 81' lang='lat' dir='ltr'>meritc,</span> <span class='ocrx_word' id='word_1_17' title='bbox 690 898 846 985; x_wconf 87' lang='lat' dir='ltr'>quoniam</span> <span class='ocrx_word' id='word_1_18' title='bbox 871 895 1060 980; x_wconf 81' lang='lat' dir='ltr'>inproprie</span> <span class='ocrx_word' id='word_1_19' title='bbox 1083 917 1149 960; x_wconf 91' lang='lat' dir='ltr'>non</span> <span class='ocrx_word' id='word_1_20' title='bbox 1175 896 1261 981; x_wconf 90' lang='lat' dir='ltr'>pelle</span> <span class='ocrx_word' id='word_1_21' title='bbox 1282 896 1456 982; x_wconf 80' lang='lat' dir='ltr'>quiessem.</span> 
     </span>
     <span class='ocr_line' id='line_1_5' title="bbox 446 997 1273 1090; baseline -0.012 -15"><span class='ocrx_word' id='word_1_22' title='bbox 446 1008 510 1075; x_wconf 83' lang='lat' dir='ltr'>Sed</span> <span class='ocrx_word' id='word_1_23' title='bbox 531 1006 681 1090; x_wconf 78' lang='lat' dir='ltr'>fulgente</span> <span class='ocrx_word' id='word_1_24' title='bbox 699 1000 802 1067; x_wconf 90' lang='lat' dir='ltr'>trahit</span> <span class='ocrx_word' id='word_1_25' title='bbox 829 997 1022 1065; x_wconf 89' lang='lat' dir='ltr'>constrictos</span> <span class='ocrx_word' id='word_1_26' title='bbox 1046 998 1153 1083; x_wconf 91' lang='lat' dir='ltr'>gloria</span> <span class='ocrx_word' id='word_1_27' title='bbox 1176 1021 1273 1064; x_wconf 88' lang='lat' dir='ltr'>curru</span> 
     </span>
    </p>

    <p class='ocr_par' dir='ltr' id='par_1_4' title="bbox 444 1102 1356 1299">
     <span class='ocr_line' id='line_1_6' title="bbox 444 1102 1356 1192; baseline -0.008 -17"><span class='ocrx_word' id='word_1_28' title='bbox 444 1111 519 1175; x_wconf 89' lang='lat' dir='ltr'>Non</span> <span class='ocrx_word' id='word_1_29' title='bbox 548 1110 658 1175; x_wconf 88' lang='lat' dir='ltr'>minus</span> <span class='ocrx_word' id='word_1_30' title='bbox 680 1108 812 1192; x_wconf 88' lang='lat' dir='ltr'>ignotos</span> <span class='ocrx_word' id='word_1_31' title='bbox 834 1102 1011 1189; x_wconf 84' lang='lat' dir='ltr'>generosis.</span> <span class='ocrx_word' id='word_1_32' title='bbox 1060 1102 1131 1182; x_wconf 79' lang='lat' dir='ltr'>Quo</span> <span class='ocrx_word' id='word_1_33' title='bbox 1159 1104 1239 1187; x_wconf 86' lang='lat' dir='ltr'>tibi,</span> <span class='ocrx_word' id='word_1_34' title='bbox 1261 1104 1356 1186; x_wconf 85' lang='lat' dir='ltr'>Tilli,</span> 
     </span>
     <span class='ocr_line' id='line_1_7' title="bbox 447 1205 1271 1299; baseline -0.011 -18"><span class='ocrx_word' id='word_1_35' title='bbox 447 1216 580 1281; x_wconf 81' lang='lat' dir='ltr'>Sumere</span> <span class='ocrx_word' id='word_1_36' title='bbox 603 1211 791 1299; x_wconf 89' lang='lat' dir='ltr'>depositum</span> <span class='ocrx_word' id='word_1_37' title='bbox 813 1208 944 1274; x_wconf 88' lang='lat' dir='ltr'>clavum</span> <span class='ocrx_word' id='word_1_38' title='bbox 962 1205 1097 1290; x_wconf 89' lang='lat' dir='ltr'>fierique</span> <span class='ocrx_word' id='word_1_39' title='bbox 1118 1207 1271 1272; x_wconf 83' lang='lat' dir='ltr'>tribuno?</span> 
     </span>
    </p>

    <p class='ocr_par' dir='ltr' id='par_1_5' title="bbox 445 1309 1269 1398">
     <span class='ocr_line' id='line_1_8' title="bbox 445 1309 1269 1398; baseline -0.008 -15"><span class='ocrx_word' id='word_1_40' title='bbox 445 1318 576 1383; x_wconf 84' lang='lat' dir='ltr'>Invidia</span> <span class='ocrx_word' id='word_1_41' title='bbox 598 1314 758 1396; x_wconf 85' lang='lat' dir='ltr'>accrevit,</span> <span class='ocrx_word' id='word_1_42' title='bbox 782 1311 913 1398; x_wconf 90' lang='lat' dir='ltr'>privato</span> <span class='ocrx_word' id='word_1_43' title='bbox 938 1331 1021 1395; x_wconf 86' lang='lat' dir='ltr'>quae</span> <span class='ocrx_word' id='word_1_44' title='bbox 1044 1309 1152 1374; x_wconf 89' lang='lat' dir='ltr'>minor</span> <span class='ocrx_word' id='word_1_45' title='bbox 1175 1316 1269 1376; x_wconf 90' lang='lat' dir='ltr'>esset.</span> 
     </span>
    </p>

    <p class='ocr_par' dir='ltr' id='par_1_6' title="bbox 444 1411 1474 1598">
     <span class='ocr_line' id='line_1_9' title="bbox 444 1411 1474 1504; baseline -0.01 -18"><span class='ocrx_word' id='word_1_46' title='bbox 444 1423 531 1488; x_wconf 88' lang='lat' dir='ltr'>Nam</span> <span class='ocrx_word' id='word_1_47' title='bbox 553 1417 748 1504; x_wconf 88' lang='lat' dir='ltr'>utquisque</span> <span class='ocrx_word' id='word_1_48' title='bbox 770 1415 908 1479; x_wconf 86' lang='lat' dir='ltr'>insanus</span> <span class='ocrx_word' id='word_1_49' title='bbox 931 1411 1035 1496; x_wconf 86' lang='lat' dir='ltr'>nigris</span> <span class='ocrx_word' id='word_1_50' title='bbox 1060 1411 1206 1476; x_wconf 89' lang='lat' dir='ltr'>medium</span> <span class='ocrx_word' id='word_1_51' title='bbox 1228 1411 1381 1504; x_wconf 86' lang='lat' dir='ltr'>impediit</span> <span class='ocrx_word' id='word_1_52' title='bbox 1401 1434 1474 1478; x_wconf 87' lang='lat' dir='ltr'>crus</span> 
     </span>
     <span class='ocr_line' id='line_1_10' title="bbox 444 1514 1255 1598; baseline -0.011 -9"><span class='ocrx_word' id='word_1_53' title='bbox 444 1523 591 1590; x_wconf 87' lang='lat' dir='ltr'>Pellibus</span> <span class='ocrx_word' id='word_1_54' title='bbox 615 1527 649 1586; x_wconf 93' lang='lat' dir='ltr'>et</span> <span class='ocrx_word' id='word_1_55' title='bbox 666 1520 773 1584; x_wconf 89' lang='lat' dir='ltr'>latum</span> <span class='ocrx_word' id='word_1_56' title='bbox 800 1514 934 1580; x_wconf 79' lang='lat' dir='ltr'>demisit</span> <span class='ocrx_word' id='word_1_57' title='bbox 957 1519 1087 1598; x_wconf 91' lang='lat' dir='ltr'>pectore</span> <span class='ocrx_word' id='word_1_58' title='bbox 1109 1514 1255 1597; x_wconf 88' lang='lat' dir='ltr'>olavum,</span> 
     </span>
    </p>

    <p class='ocr_par' dir='ltr' id='par_1_7' title="bbox 444 1617 1539 1922">
     <span class='ocr_line' id='line_1_11' title="bbox 444 1617 1539 1704; baseline -0.014 -10"><span class='ocrx_word' id='word_1_59' title='bbox 444 1627 551 1693; x_wconf 88' lang='lat' dir='ltr'>Audit</span> <span class='ocrx_word' id='word_1_60' title='bbox 562 1623 733 1691; x_wconf 85' lang='lat' dir='ltr'>continuo:</span> <span class='ocrx_word' id='word_1_61' title='bbox 752 1618 858 1703; x_wconf 79' lang='lat' dir='ltr'>„Quis</span> <span class='ocrx_word' id='word_1_62' title='bbox 870 1618 969 1682; x_wconf 93' lang='lat' dir='ltr'>homo</span> <span class='ocrx_word' id='word_1_63' title='bbox 987 1617 1040 1682; x_wconf 88' lang='lat' dir='ltr'>hic</span> <span class='ocrx_word' id='word_1_64' title='bbox 1048 1619 1085 1682; x_wconf 86' lang='lat'>?“</span> <span class='ocrx_word' id='word_1_65' title='bbox 1107 1622 1157 1683; x_wconf 92' lang='lat' dir='ltr'>et:</span> <span class='ocrx_word' id='word_1_66' title='bbox 1182 1617 1278 1702; x_wconf 78' lang='lat' dir='ltr'>„Quo</span> <span class='ocrx_word' id='word_1_67' title='bbox 1290 1621 1384 1704; x_wconf 91' lang='lat' dir='ltr'>patre</span> <span class='ocrx_word' id='word_1_68' title='bbox 1396 1619 1539 1682; x_wconf 81' lang='lat' dir='ltr'>natus?“&#39;</span> 
     </span>
     <span class='ocr_line' id='line_1_12' title="bbox 444 1719 1303 1814; baseline -0.016 -16"><span class='ocrx_word' id='word_1_69' title='bbox 444 1732 493 1798; x_wconf 91' lang='lat' dir='ltr'>Ut</span> <span class='ocrx_word' id='word_1_70' title='bbox 515 1729 544 1796; x_wconf 91' lang='lat' dir='ltr'>si</span> <span class='ocrx_word' id='word_1_71' title='bbox 563 1726 621 1814; x_wconf 89' lang='lat' dir='ltr'>qui</span> <span class='ocrx_word' id='word_1_72' title='bbox 644 1727 791 1810; x_wconf 79' lang='lat' dir='ltr'>aegrotet</span> <span class='ocrx_word' id='word_1_73' title='bbox 814 1742 878 1807; x_wconf 92' lang='lat' dir='ltr'>quo</span> <span class='ocrx_word' id='word_1_74' title='bbox 898 1719 1012 1784; x_wconf 91' lang='lat' dir='ltr'>morbo</span> <span class='ocrx_word' id='word_1_75' title='bbox 1030 1720 1168 1803; x_wconf 87' lang='lat' dir='ltr'>Barrus,</span> <span class='ocrx_word' id='word_1_76' title='bbox 1192 1721 1303 1786; x_wconf 87' lang='lat' dir='ltr'>haberi</span> 
     </span>
     <span class='ocr_line' id='line_1_13' title="bbox 444 1823 1296 1922; baseline -0.013 -22"><span class='ocrx_word' id='word_1_77' title='bbox 444 1830 624 1917; x_wconf 86' lang='lat' dir='ltr'>Utcupiat</span> <span class='ocrx_word' id='word_1_78' title='bbox 645 1827 827 1922; x_wconf 86' lang='lat' dir='ltr'>formosus,</span> <span class='ocrx_word' id='word_1_79' title='bbox 855 1828 909 1888; x_wconf 86' lang='lat' dir='ltr'>eat</span> <span class='ocrx_word' id='word_1_80' title='bbox 931 1844 1150 1908; x_wconf 86' lang='lat' dir='ltr'>quacumque,</span> <span class='ocrx_word' id='word_1_81' title='bbox 1176 1823 1296 1909; x_wconf 86' lang='lat' dir='ltr'>puellis</span> 
     </span>
    </p>

    <p class='ocr_par' dir='ltr' id='par_1_8' title="bbox 444 1926 1186 2015">
     <span class='ocr_line' id='line_1_14' title="bbox 444 1926 1186 2015; baseline -0.018 -12"><span class='ocrx_word' id='word_1_82' title='bbox 444 1936 576 2003; x_wconf 86' lang='lat' dir='ltr'>Iniiciat</span> <span class='ocrx_word' id='word_1_83' title='bbox 594 1953 706 1999; x_wconf 89' lang='lat' dir='ltr'>curam</span> <span class='ocrx_word' id='word_1_84' title='bbox 728 1926 905 2015; x_wconf 89' lang='lat' dir='ltr'>quaerendi</span> <span class='ocrx_word' id='word_1_85' title='bbox 926 1926 1074 2010; x_wconf 86' lang='lat' dir='ltr'>singula,</span> <span class='ocrx_word' id='word_1_86' title='bbox 1097 1927 1186 2012; x_wconf 88' lang='lat' dir='ltr'>quali</span> 
     </span>
    </p>

    <p class='ocr_par' dir='ltr' id='par_1_9' title="bbox 445 2028 1278 2120">
     <span class='ocr_line' id='line_1_15' title="bbox 445 2028 1278 2120; baseline -0.014 -13"><span class='ocrx_word' id='word_1_87' title='bbox 445 2042 497 2108; x_wconf 80' lang='lat' dir='ltr'>sit</span> <span class='ocrx_word' id='word_1_88' title='bbox 518 2039 621 2120; x_wconf 85' lang='lat' dir='ltr'>facie,</span> <span class='ocrx_word' id='word_1_89' title='bbox 644 2056 735 2116; x_wconf 88' lang='lat' dir='ltr'>sura,</span> <span class='ocrx_word' id='word_1_90' title='bbox 763 2030 854 2117; x_wconf 89' lang='lat' dir='ltr'>quali</span> <span class='ocrx_word' id='word_1_91' title='bbox 876 2028 974 2115; x_wconf 85' lang='lat' dir='ltr'>pede,</span> <span class='ocrx_word' id='word_1_92' title='bbox 998 2029 1115 2113; x_wconf 86' lang='lat' dir='ltr'>dente,</span> <span class='ocrx_word' id='word_1_93' title='bbox 1139 2030 1278 2115; x_wconf 85' lang='lat' dir='ltr'>capillo:</span> 
     </span>
    </p>

    <p class='ocr_par' dir='ltr' id='par_1_10' title="bbox 444 2132 1271 2229">
     <span class='ocr_line' id='line_1_16' title="bbox 444 2132 1271 2229; baseline -0.016 -19"><span class='ocrx_word' id='word_1_94' title='bbox 444 2145 498 2211; x_wconf 83' lang='lat' dir='ltr'>Sic</span> <span class='ocrx_word' id='word_1_95' title='bbox 521 2142 577 2229; x_wconf 93' lang='lat' dir='ltr'>qui</span> <span class='ocrx_word' id='word_1_96' title='bbox 598 2136 784 2226; x_wconf 84' lang='lat' dir='ltr'>promittit,</span> <span class='ocrx_word' id='word_1_97' title='bbox 810 2134 915 2214; x_wconf 86' lang='lat' dir='ltr'>cives,</span> <span class='ocrx_word' id='word_1_98' title='bbox 936 2132 1049 2197; x_wconf 92' lang='lat' dir='ltr'>urbem</span> <span class='ocrx_word' id='word_1_99' title='bbox 1072 2132 1135 2197; x_wconf 91' lang='lat' dir='ltr'>sibi</span> <span class='ocrx_word' id='word_1_100' title='bbox 1159 2155 1271 2215; x_wconf 85' lang='lat' dir='ltr'>curae,</span> 
     </span>
    </p>

    <p class='ocr_par' dir='ltr' id='par_1_11' title="bbox 366 2235 1309 2333">
     <span class='ocr_line' id='line_1_17' title="bbox 366 2235 1309 2333; baseline -0.008 -23"><span class='ocrx_word' id='word_1_101' title='bbox 366 2306 368 2310; x_wconf 85' lang='lat'>.</span> <span class='ocrx_word' id='word_1_102' title='bbox 400 2301 403 2304; x_wconf 89' lang='lat'>.</span> <span class='ocrx_word' id='word_1_103' title='bbox 444 2247 624 2333; x_wconf 87' lang='lat' dir='ltr'>Imperium</span> <span class='ocrx_word' id='word_1_104' title='bbox 645 2245 714 2309; x_wconf 86' lang='lat' dir='ltr'>fore</span> <span class='ocrx_word' id='word_1_105' title='bbox 735 2246 769 2306; x_wconf 91' lang='lat' dir='ltr'>et</span> <span class='ocrx_word' id='word_1_106' title='bbox 794 2238 928 2304; x_wconf 90' lang='lat' dir='ltr'>Italiam</span> <span class='ocrx_word' id='word_1_107' title='bbox 946 2242 978 2302; x_wconf 90' lang='lat' dir='ltr'>et</span> <span class='ocrx_word' id='word_1_108' title='bbox 1003 2235 1138 2302; x_wconf 87' lang='lat' dir='ltr'>delubra</span> <span class='ocrx_word' id='word_1_109' title='bbox 1157 2238 1309 2316; x_wconf 91' lang='lat' dir='ltr'>deorum;</span> 
     </span>
    </p>

    <p class='ocr_par' dir='ltr' id='par_1_12' title="bbox 444 2339 1433 2434">
     <span class='ocr_line' id='line_1_18' title="bbox 444 2339 1433 2434; baseline -0.011 -19"><span class='ocrx_word' id='word_1_110' title='bbox 444 2351 515 2431; x_wconf 81' lang='lat' dir='ltr'>Quo</span> <span class='ocrx_word' id='word_1_111' title='bbox 537 2354 630 2434; x_wconf 87' lang='lat' dir='ltr'>patre</span> <span class='ocrx_word' id='word_1_112' title='bbox 654 2346 699 2411; x_wconf 90' lang='lat' dir='ltr'>sit</span> <span class='ocrx_word' id='word_1_113' title='bbox 718 2348 835 2423; x_wconf 89' lang='lat' dir='ltr'>natus,</span> <span class='ocrx_word' id='word_1_114' title='bbox 859 2361 941 2405; x_wconf 91' lang='lat' dir='ltr'>num</span> <span class='ocrx_word' id='word_1_115' title='bbox 962 2339 1078 2424; x_wconf 85' lang='lat' dir='ltr'>ignota</span> <span class='ocrx_word' id='word_1_116' title='bbox 1095 2346 1200 2406; x_wconf 87' lang='lat' dir='ltr'>matre</span> <span class='ocrx_word' id='word_1_117' title='bbox 1220 2341 1433 2424; x_wconf 78' lang='lat' dir='ltr'>inhonestus,</span> 
     </span>
    </p>
   </div>
   <div class='ocr_carea' id='block_1_3' title="bbox 444 2445 1357 2735">
    <p class='ocr_par' dir='ltr' id='par_1_13' title="bbox 444 2445 1357 2735">
     <span class='ocr_line' id='line_1_19' title="bbox 444 2445 1227 2530; baseline -0.013 -10"><span class='ocrx_word' id='word_1_118' title='bbox 444 2455 565 2521; x_wconf 89' lang='lat' dir='ltr'>Omnes</span> <span class='ocrx_word' id='word_1_119' title='bbox 587 2451 741 2517; x_wconf 86' lang='lat' dir='ltr'>mortales</span> <span class='ocrx_word' id='word_1_120' title='bbox 767 2466 878 2513; x_wconf 88' lang='lat' dir='ltr'>curere</span> <span class='ocrx_word' id='word_1_121' title='bbox 902 2448 936 2509; x_wconf 89' lang='lat' dir='ltr'>et</span> <span class='ocrx_word' id='word_1_122' title='bbox 956 2466 1107 2529; x_wconf 86' lang='lat' dir='ltr'>quaerere</span> <span class='ocrx_word' id='word_1_123' title='bbox 1130 2445 1227 2530; x_wconf 87' lang='lat' dir='ltr'>cogit.</span> 
     </span>
     <span class='ocr_line' id='line_1_20' title="bbox 444 2547 1357 2641; baseline -0.013 -17"><span class='ocrx_word' id='word_1_124' title='bbox 444 2558 576 2641; x_wconf 71' lang='lat' dir='ltr'>‚,&#39;.l¹une‚</span> <span class='ocrx_word' id='word_1_125' title='bbox 601 2556 692 2641; x_wconf 80' lang='lat' dir='ltr'>Syri,</span> <span class='ocrx_word' id='word_1_126' title='bbox 716 2554 858 2633; x_wconf 84' lang='lat' dir='ltr'>Damae,</span> <span class='ocrx_word' id='word_1_127' title='bbox 884 2553 943 2614; x_wconf 87' lang='lat' dir='ltr'>aut</span> <span class='ocrx_word' id='word_1_128' title='bbox 967 2547 1107 2634; x_wconf 80' lang='lat' dir='ltr'>Dionysi</span> <span class='ocrx_word' id='word_1_129' title='bbox 1125 2549 1234 2632; x_wconf 84' lang='lat' dir='ltr'>filius,</span> <span class='ocrx_word' id='word_1_130' title='bbox 1258 2549 1357 2614; x_wconf 90' lang='lat' dir='ltr'>audes</span> 
     </span>
     <span class='ocr_line' id='line_1_21' title="bbox 444 2650 1283 2735; baseline -0.01 -10"><span class='ocrx_word' id='word_1_131' title='bbox 444 2661 589 2726; x_wconf 87' lang='lat' dir='ltr'>Deiicere</span> <span class='ocrx_word' id='word_1_132' title='bbox 611 2682 629 2724; x_wconf 92' lang='lat' dir='ltr'>e</span> <span class='ocrx_word' id='word_1_133' title='bbox 654 2679 733 2724; x_wconf 81' lang='lat' dir='ltr'>saxo</span> <span class='ocrx_word' id='word_1_134' title='bbox 749 2655 855 2735; x_wconf 85' lang='lat' dir='ltr'>cives,</span> <span class='ocrx_word' id='word_1_135' title='bbox 883 2658 942 2717; x_wconf 88' lang='lat' dir='ltr'>aut</span> <span class='ocrx_word' id='word_1_136' title='bbox 965 2650 1090 2718; x_wconf 86' lang='lat' dir='ltr'>tradere</span> <span class='ocrx_word' id='word_1_137' title='bbox 1115 2651 1283 2718; x_wconf 81' lang='lat' dir='ltr'>Cadmo?“</span> 
     </span>
    </p>
   </div>
   <div class='ocr_carea' id='block_1_4' title="bbox 373 2837 1539 4560">
    <p class='ocr_par' dir='ltr' id='par_1_14' title="bbox 373 2837 1539 4560">
     <span class='ocr_line' id='line_1_22' title="bbox 398 2837 1539 2901; baseline -0.004 -16"><span class='ocrx_word' id='word_1_138' title='bbox 398 2838 485 2901; x_wconf 89' lang='lat' dir='ltr'>pulum</span> <span class='ocrx_word' id='word_1_139' title='bbox 497 2838 602 2886; x_wconf 90' lang='lat' dir='ltr'>honores</span> <span class='ocrx_word' id='word_1_140' title='bbox 614 2838 673 2886; x_wconf 87' lang='lat' dir='ltr'>dare</span> <span class='ocrx_word' id='word_1_141' title='bbox 684 2837 761 2886; x_wconf 88' lang='lat' dir='ltr'>nobili</span> <span class='ocrx_word' id='word_1_142' title='bbox 771 2851 822 2885; x_wconf 90' lang='lat' dir='ltr'>non</span> <span class='ocrx_word' id='word_1_143' title='bbox 835 2837 948 2894; x_wconf 89' lang='lat' dir='ltr'>merenti,</span> <span class='ocrx_word' id='word_1_144' title='bbox 990 2839 1107 2899; x_wconf 80' lang='lat' dir='ltr'>quoniam</span> <span class='ocrx_word' id='word_1_145' title='bbox 1124 2838 1152 2885; x_wconf 80' lang='lat' dir='ltr'>ia</span> <span class='ocrx_word' id='word_1_146' title='bbox 1166 2839 1275 2899; x_wconf 82' lang='lat' dir='ltr'>propria</span> <span class='ocrx_word' id='word_1_147' title='bbox 1288 2851 1336 2885; x_wconf 78' lang='lat' dir='ltr'>aron</span> <span class='ocrx_word' id='word_1_148' title='bbox 1345 2837 1408 2896; x_wconf 79' lang='lat' dir='ltr'>pelle</span> <span class='ocrx_word' id='word_1_149' title='bbox 1424 2837 1539 2897; x_wconf 80' lang='lat' dir='ltr'>quiesset.</span> 
     </span>
     <span class='ocr_line' id='line_1_23' title="bbox 399 2915 1461 2979; baseline -0.002 -15"><span class='ocrx_word' id='word_1_150' title='bbox 399 2917 438 2964; x_wconf 86' lang='lat' dir='ltr'>fac</span> <span class='ocrx_word' id='word_1_151' title='bbox 459 2931 511 2975; x_wconf 91' lang='lat' dir='ltr'>me,</span> <span class='ocrx_word' id='word_1_152' title='bbox 533 2915 666 2979; x_wconf 85' lang='lat' dir='ltr'>ignobilem</span> <span class='ocrx_word' id='word_1_153' title='bbox 686 2932 702 2964; x_wconf 87' lang='lat' dir='ltr'>a</span> <span class='ocrx_word' id='word_1_154' title='bbox 723 2931 823 2965; x_wconf 90' lang='lat' dir='ltr'>censore</span> <span class='ocrx_word' id='word_1_155' title='bbox 839 2917 948 2964; x_wconf 87' lang='lat' dir='ltr'>moveri:</span> <span class='ocrx_word' id='word_1_156' title='bbox 992 2915 1041 2965; x_wconf 86' lang='lat' dir='ltr'>Sed</span> <span class='ocrx_word' id='word_1_157' title='bbox 1058 2924 1126 2965; x_wconf 86' lang='lat' dir='ltr'>amat</span> <span class='ocrx_word' id='word_1_158' title='bbox 1142 2916 1188 2964; x_wconf 88' lang='lat' dir='ltr'>sibi</span> <span class='ocrx_word' id='word_1_159' title='bbox 1205 2930 1255 2964; x_wconf 91' lang='lat' dir='ltr'>non</span> <span class='ocrx_word' id='word_1_160' title='bbox 1271 2929 1378 2978; x_wconf 81' lang='lat' dir='ltr'>parcere.</span> <span class='ocrx_word' id='word_1_161' title='bbox 1459 2918 1461 2922; x_wconf 88' lang='lat'>&#39;</span> 
     </span>
     <span class='ocr_line' id='line_1_24' title="bbox 373 2995 1538 3064; baseline -0.001 -21"><span class='ocrx_word' id='word_1_162' title='bbox 373 2995 440 3064; x_wconf 42' lang='lat' dir='ltr'>&#39;vel</span> <span class='ocrx_word' id='word_1_163' title='bbox 456 2998 544 3045; x_wconf 74' lang='lat' dir='ltr'>merito</span> <span class='ocrx_word' id='word_1_164' title='bbox 559 3009 686 3053; x_wconf 86' lang='lat' dir='ltr'>moverer,</span> <span class='ocrx_word' id='word_1_165' title='bbox 710 2997 769 3059; x_wconf 87' lang='lat' dir='ltr'>quie</span> <span class='ocrx_word' id='word_1_166' title='bbox 785 2997 876 3044; x_wconf 91' lang='lat' dir='ltr'>nonin</span> <span class='ocrx_word' id='word_1_167' title='bbox 893 3007 949 3042; x_wconf 88' lang='lat' dir='ltr'>mea</span> <span class='ocrx_word' id='word_1_168' title='bbox 1022 2998 1174 3047; x_wconf 88' lang='lat' dir='ltr'>Dodcrlinus</span> <span class='ocrx_word' id='word_1_169' title='bbox 1186 3005 1243 3046; x_wconf 87' lang='lat' dir='ltr'>ante</span> <span class='ocrx_word' id='word_1_170' title='bbox 1251 2997 1318 3044; x_wconf 88' lang='lat' dir='ltr'>hunc</span> <span class='ocrx_word' id='word_1_171' title='bbox 1327 3010 1426 3044; x_wconf 85' lang='lat' dir='ltr'>versum</span> <span class='ocrx_word' id='word_1_172' title='bbox 1436 3009 1538 3042; x_wconf 86' lang='lat' dir='ltr'>versum</span> 
     </span>
     <span class='ocr_line' id='line_1_25' title="bbox 398 3074 1538 3138; baseline -0.003 -16"><span class='ocrx_word' id='word_1_173' title='bbox 398 3075 462 3137; x_wconf 88' lang='lat' dir='ltr'>pelle</span> <span class='ocrx_word' id='word_1_174' title='bbox 483 3075 639 3138; x_wconf 82' lang='lat' dir='ltr'>quievissem.</span> <span class='ocrx_word' id='word_1_175' title='bbox 678 3075 789 3126; x_wconf 75' lang='lat' dir='ltr'>Obscura</span> <span class='ocrx_word' id='word_1_176' title='bbox 818 3075 948 3124; x_wconf 86' lang='lat' dir='ltr'>sententie.</span> <span class='ocrx_word' id='word_1_177' title='bbox 990 3078 1110 3125; x_wconf 85' lang='lat' dir='ltr'>excidisse</span> <span class='ocrx_word' id='word_1_178' title='bbox 1121 3077 1227 3134; x_wconf 86' lang='lat' dir='ltr'>coniicit,</span> <span class='ocrx_word' id='word_1_179' title='bbox 1244 3075 1287 3138; x_wconf 88' lang='lat' dir='ltr'>qui</span> <span class='ocrx_word' id='word_1_180' title='bbox 1299 3074 1456 3136; x_wconf 87' lang='lat' dir='ltr'>responderet</span> <span class='ocrx_word' id='word_1_181' title='bbox 1468 3080 1538 3120; x_wconf 85' lang='lat' dir='ltr'>ante-</span> 
     </span>
     <span class='ocr_line' id='line_1_26' title="bbox 400 3153 1539 3224; baseline -0.003 -21"><span class='ocrx_word' id='word_1_182' title='bbox 400 3153 457 3203; x_wconf 84' lang='lat' dir='ltr'>Scio</span> <span class='ocrx_word' id='word_1_183' title='bbox 474 3171 534 3203; x_wconf 79' lang='lat' dir='ltr'>aaut</span> <span class='ocrx_word' id='word_1_184' title='bbox 550 3169 623 3218; x_wconf 83' lang='lat' dir='ltr'>saepe</span> <span class='ocrx_word' id='word_1_185' title='bbox 635 3155 687 3203; x_wconf 88' lang='lat' dir='ltr'>vim</span> <span class='ocrx_word' id='word_1_186' title='bbox 698 3156 790 3204; x_wconf 86' lang='lat' dir='ltr'>habere</span> <span class='ocrx_word' id='word_1_187' title='bbox 803 3161 947 3202; x_wconf 87' lang='lat' dir='ltr'>connecten·</span> <span class='ocrx_word' id='word_1_188' title='bbox 988 3156 1100 3224; x_wconf 80' lang='lat' dir='ltr'>cedenti:</span> <span class='ocrx_word' id='word_1_189' title='bbox 1125 3171 1150 3204; x_wconf 81' lang='lat' dir='ltr'>v.</span> <span class='ocrx_word' id='word_1_190' title='bbox 1166 3169 1187 3205; x_wconf 91' lang='lat' dir='ltr'>c.</span> <span class='ocrx_word' id='word_1_191' title='bbox 1226 3156 1314 3203; x_wconf 80' lang='lat' dir='ltr'>Vivere</span> <span class='ocrx_word' id='word_1_192' title='bbox 1328 3159 1449 3217; x_wconf 78' lang='lat' dir='ltr'>perpetuo</span> <span class='ocrx_word' id='word_1_193' title='bbox 1467 3153 1539 3214; x_wconf 65' lang='lat' dir='ltr'>Ionae</span> 
     </span>
     <span class='ocr_line' id='line_1_27' title="bbox 399 3231 1539 3296; baseline -0.002 -16"><span class='ocrx_word' id='word_1_194' title='bbox 399 3234 445 3280; x_wconf 85' lang='lat' dir='ltr'>dae</span> <span class='ocrx_word' id='word_1_195' title='bbox 469 3233 599 3292; x_wconf 87' lang='lat' dir='ltr'>orationis,</span> <span class='ocrx_word' id='word_1_196' title='bbox 625 3233 683 3281; x_wconf 84' lang='lat' dir='ltr'>ride</span> <span class='ocrx_word' id='word_1_197' title='bbox 705 3249 729 3281; x_wconf 85' lang='lat' dir='ltr'>r.</span> <span class='ocrx_word' id='word_1_198' title='bbox 746 3248 767 3281; x_wconf 89' lang='lat' dir='ltr'>c.</span> <span class='ocrx_word' id='word_1_199' title='bbox 792 3233 889 3281; x_wconf 82' lang='lat' dir='ltr'>Duker.</span> <span class='ocrx_word' id='word_1_200' title='bbox 916 3231 947 3278; x_wconf 89' lang='lat' dir='ltr'>ad</span> <span class='ocrx_word' id='word_1_201' title='bbox 989 3235 1105 3296; x_wconf 63' lang='lat' dir='ltr'>longeque</span> <span class='ocrx_word' id='word_1_202' title='bbox 1128 3239 1241 3282; x_wconf 83' lang='lat' dir='ltr'>remotos.</span> <span class='ocrx_word' id='word_1_203' title='bbox 1276 3232 1362 3283; x_wconf 84' lang='lat' dir='ltr'>Oratio</span> <span class='ocrx_word' id='word_1_204' title='bbox 1386 3233 1422 3280; x_wconf 87' lang='lat' dir='ltr'>sic</span> <span class='ocrx_word' id='word_1_205' title='bbox 1437 3245 1539 3294; x_wconf 89' lang='lat' dir='ltr'>quoque</span> 
     </span>
     <span class='ocr_line' id='line_1_28' title="bbox 399 3309 1539 3373; baseline -0.001 -14"><span class='ocrx_word' id='word_1_206' title='bbox 399 3311 468 3359; x_wconf 83' lang='lat' dir='ltr'>Flori</span> <span class='ocrx_word' id='word_1_207' title='bbox 484 3310 600 3360; x_wconf 80' lang='lat' dir='ltr'>Prodem.</span> <span class='ocrx_word' id='word_1_208' title='bbox 617 3326 641 3373; x_wconf 83' lang='lat' dir='ltr'>p.</span> <span class='ocrx_word' id='word_1_209' title='bbox 658 3313 682 3359; x_wconf 81' lang='lat'>4.</span> <span class='ocrx_word' id='word_1_210' title='bbox 700 3311 741 3358; x_wconf 90' lang='lat' dir='ltr'>hic</span> <span class='ocrx_word' id='word_1_211' title='bbox 757 3317 840 3358; x_wconf 87' lang='lat' dir='ltr'>tamen</span> <span class='ocrx_word' id='word_1_212' title='bbox 857 3309 946 3358; x_wconf 89' lang='lat' dir='ltr'>melius</span> <span class='ocrx_word' id='word_1_213' title='bbox 987 3311 1075 3360; x_wconf 90' lang='lat' dir='ltr'>melius</span> <span class='ocrx_word' id='word_1_214' title='bbox 1098 3319 1289 3360; x_wconf 78' lang='lat' dir='ltr'>connecteretur.</span> <span class='ocrx_word' id='word_1_215' title='bbox 1314 3313 1349 3360; x_wconf 87' lang='lat' dir='ltr'>Et</span> <span class='ocrx_word' id='word_1_216' title='bbox 1369 3309 1483 3359; x_wconf 85' lang='lat' dir='ltr'>credibile</span> <span class='ocrx_word' id='word_1_217' title='bbox 1501 3318 1539 3358; x_wconf 90' lang='lat' dir='ltr'>est</span> 
     </span>
     <span class='ocr_line' id='line_1_29' title="bbox 398 3389 1538 3454; baseline 0 -16"><span class='ocrx_word' id='word_1_218' title='bbox 398 3397 460 3452; x_wconf 86' lang='lat' dir='ltr'>puto</span> <span class='ocrx_word' id='word_1_219' title='bbox 494 3392 600 3454; x_wconf 70' lang='lat' dir='ltr'>Ianique</span> <span class='ocrx_word' id='word_1_220' title='bbox 616 3397 675 3439; x_wconf 84' lang='lat' dir='ltr'>esto.</span> <span class='ocrx_word' id='word_1_221' title='bbox 708 3391 779 3439; x_wconf 91' lang='lat' dir='ltr'>Pone</span> <span class='ocrx_word' id='word_1_222' title='bbox 789 3390 946 3437; x_wconf 88' lang='lat' dir='ltr'>contrarium.</span> <span class='ocrx_word' id='word_1_223' title='bbox 987 3390 1014 3438; x_wconf 91' lang='lat' dir='ltr'>in</span> <span class='ocrx_word' id='word_1_224' title='bbox 1031 3390 1119 3440; x_wconf 85' lang='lat' dir='ltr'>Satiris</span> <span class='ocrx_word' id='word_1_225' title='bbox 1144 3405 1231 3440; x_wconf 88' lang='lat' dir='ltr'>versus</span> <span class='ocrx_word' id='word_1_226' title='bbox 1253 3390 1388 3440; x_wconf 91' lang='lat' dir='ltr'>nonnullos</span> <span class='ocrx_word' id='word_1_227' title='bbox 1407 3389 1538 3447; x_wconf 81' lang='lat' dir='ltr'>excidisse,</span> 
     </span>
     <span class='ocr_line' id='line_1_30' title="bbox 398 3469 1502 3534; baseline -0.002 -17"><span class='ocrx_word' id='word_1_228' title='bbox 398 3470 454 3517; x_wconf 87' lang='lat' dir='ltr'>Iam</span> <span class='ocrx_word' id='word_1_229' title='bbox 472 3469 522 3529; x_wconf 87' lang='lat' dir='ltr'>fac,</span> <span class='ocrx_word' id='word_1_230' title='bbox 538 3469 658 3533; x_wconf 87' lang='lat' dir='ltr'>populum</span> <span class='ocrx_word' id='word_1_231' title='bbox 682 3469 748 3517; x_wconf 93' lang='lat' dir='ltr'>nolle</span> <span class='ocrx_word' id='word_1_232' title='bbox 764 3469 870 3517; x_wconf 89' lang='lat' dir='ltr'>honores</span> <span class='ocrx_word' id='word_1_233' title='bbox 887 3469 947 3516; x_wconf 87' lang='lat' dir='ltr'>dare</span> <span class='ocrx_word' id='word_1_234' title='bbox 988 3477 1017 3518; x_wconf 88' lang='lat' dir='ltr'>ut</span> <span class='ocrx_word' id='word_1_235' title='bbox 1033 3470 1095 3519; x_wconf 86' lang='lat' dir='ltr'>alios</span> <span class='ocrx_word' id='word_1_236' title='bbox 1112 3471 1286 3534; x_wconf 89' lang='lat' dir='ltr'>transpositos,</span> <span class='ocrx_word' id='word_1_237' title='bbox 1309 3470 1371 3518; x_wconf 87' lang='lat' dir='ltr'>alios</span> <span class='ocrx_word' id='word_1_238' title='bbox 1388 3469 1502 3516; x_wconf 84' lang='lat' dir='ltr'>adiectos.</span> 
     </span>
     <span class='ocr_line' id='line_1_31' title="bbox 399 3546 1537 3608; baseline -0.003 -10"><span class='ocrx_word' id='word_1_239' title='bbox 399 3546 477 3598; x_wconf 92' lang='lat' dir='ltr'>Decio</span> <span class='ocrx_word' id='word_1_240' title='bbox 498 3562 576 3606; x_wconf 86' lang='lat' dir='ltr'>novo,</span> <span class='ocrx_word' id='word_1_241' title='bbox 602 3556 626 3596; x_wconf 91' lang='lat' dir='ltr'>et</span> <span class='ocrx_word' id='word_1_242' title='bbox 643 3548 756 3608; x_wconf 84' lang='lat' dir='ltr'>Appium</span> <span class='ocrx_word' id='word_1_243' title='bbox 781 3562 881 3596; x_wconf 87' lang='lat' dir='ltr'>movere</span> <span class='ocrx_word' id='word_1_244' title='bbox 903 3547 946 3594; x_wconf 87' lang='lat' dir='ltr'>ali·</span> <span class='ocrx_word' id='word_1_245' title='bbox 1024 3551 1079 3608; x_wconf 81' lang='lat' dir='ltr'>Quo</span> <span class='ocrx_word' id='word_1_246' title='bbox 1104 3551 1167 3606; x_wconf 82' lang='lat' dir='ltr'>tibi,</span> <span class='ocrx_word' id='word_1_247' title='bbox 1198 3551 1267 3597; x_wconf 80' lang='lat' dir='ltr'>Tilli.</span> <span class='ocrx_word' id='word_1_248' title='bbox 1308 3548 1436 3597; x_wconf 89' lang='lat' dir='ltr'>Bentleius</span> <span class='ocrx_word' id='word_1_249' title='bbox 1469 3555 1537 3595; x_wconf 86' lang='lat' dir='ltr'>recte</span> 
     </span>
     <span class='ocr_line' id='line_1_32' title="bbox 399 3625 1536 3691; baseline 0.003 -20"><span class='ocrx_word' id='word_1_250' title='bbox 399 3639 486 3686; x_wconf 91' lang='lat' dir='ltr'>quem,</span> <span class='ocrx_word' id='word_1_251' title='bbox 507 3639 547 3673; x_wconf 91' lang='lat' dir='ltr'>me</span> <span class='ocrx_word' id='word_1_252' title='bbox 564 3625 633 3672; x_wconf 85' lang='lat' dir='ltr'>verbi</span> <span class='ocrx_word' id='word_1_253' title='bbox 649 3640 750 3683; x_wconf 82' lang='lat' dir='ltr'>caussa,</span> <span class='ocrx_word' id='word_1_254' title='bbox 772 3627 794 3673; x_wconf 89' lang='lat' dir='ltr'>si</span> <span class='ocrx_word' id='word_1_255' title='bbox 811 3641 862 3674; x_wconf 90' lang='lat' dir='ltr'>non</span> <span class='ocrx_word' id='word_1_256' title='bbox 878 3627 946 3688; x_wconf 86' lang='lat' dir='ltr'>inge·</span> <span class='ocrx_word' id='word_1_257' title='bbox 988 3628 1105 3691; x_wconf 85' lang='lat' dir='ltr'>praetulit</span> <span class='ocrx_word' id='word_1_258' title='bbox 1122 3628 1194 3677; x_wconf 89' lang='lat' dir='ltr'>alteri</span> <span class='ocrx_word' id='word_1_259' title='bbox 1211 3628 1346 3690; x_wconf 88' lang='lat' dir='ltr'>scripturae</span> <span class='ocrx_word' id='word_1_260' title='bbox 1370 3629 1450 3676; x_wconf 79' lang='lat' dir='ltr'>Tulli.</span> <span class='ocrx_word' id='word_1_261' title='bbox 1484 3627 1536 3674; x_wconf 86' lang='lat' dir='ltr'>No·</span> 
     </span>
     <span class='ocr_line' id='line_1_33' title="bbox 399 3703 1538 3774; baseline 0.004 -24"><span class='ocrx_word' id='word_1_262' title='bbox 399 3717 449 3751; x_wconf 90' lang='lat' dir='ltr'>nuo</span> <span class='ocrx_word' id='word_1_263' title='bbox 465 3711 535 3774; x_wconf 81' lang='lat' dir='ltr'>patre</span> <span class='ocrx_word' id='word_1_264' title='bbox 552 3711 624 3752; x_wconf 87' lang='lat' dir='ltr'>natus</span> <span class='ocrx_word' id='word_1_265' title='bbox 641 3718 733 3752; x_wconf 85' lang='lat' dir='ltr'>essem:</span> <span class='ocrx_word' id='word_1_266' title='bbox 746 3703 806 3766; x_wconf 90' lang='lat' dir='ltr'>quid</span> <span class='ocrx_word' id='word_1_267' title='bbox 818 3712 872 3752; x_wconf 90' lang='lat' dir='ltr'>tum</span> <span class='ocrx_word' id='word_1_268' title='bbox 884 3705 960 3752; x_wconf 87' lang='lat' dir='ltr'>iudi·&#39;</span> <span class='ocrx_word' id='word_1_269' title='bbox 987 3707 1055 3754; x_wconf 86' lang='lat' dir='ltr'>mina</span> <span class='ocrx_word' id='word_1_270' title='bbox 1071 3707 1119 3756; x_wconf 89' lang='lat' dir='ltr'>ista</span> <span class='ocrx_word' id='word_1_271' title='bbox 1135 3721 1207 3770; x_wconf 88' lang='lat' dir='ltr'>saepe</span> <span class='ocrx_word' id='word_1_272' title='bbox 1224 3713 1404 3770; x_wconf 85' lang='lat' dir='ltr'>permutantur.</span> <span class='ocrx_word' id='word_1_273' title='bbox 1427 3705 1495 3754; x_wconf 86' lang='lat' dir='ltr'>Vide</span> <span class='ocrx_word' id='word_1_274' title='bbox 1512 3713 1538 3754; x_wconf 88' lang='lat' dir='ltr'>et</span> 
     </span>
     <span class='ocr_line' id='line_1_34' title="bbox 399 3781 1447 3842; baseline 0.002 -11"><span class='ocrx_word' id='word_1_275' title='bbox 399 3786 528 3832; x_wconf 68' lang='lat' dir='ltr'>caremus?</span> <span class='ocrx_word' id='word_1_276' title='bbox 553 3781 626 3842; x_wconf 83' lang='lat' dir='ltr'>Quod</span> <span class='ocrx_word' id='word_1_277' title='bbox 648 3783 680 3829; x_wconf 87' lang='lat' dir='ltr'>ad</span> <span class='ocrx_word' id='word_1_278' title='bbox 695 3796 735 3830; x_wconf 90' lang='lat' dir='ltr'>me</span> <span class='ocrx_word' id='word_1_279' title='bbox 757 3782 858 3841; x_wconf 84' lang='lat' dir='ltr'>attinet,</span> <span class='ocrx_word' id='word_1_280' title='bbox 881 3793 947 3832; x_wconf 86' lang='lat' dir='ltr'>recte</span> <span class='ocrx_word' id='word_1_281' title='bbox 988 3785 1102 3837; x_wconf 83' lang='lat' dir='ltr'>Oudend.</span> <span class='ocrx_word' id='word_1_282' title='bbox 1119 3789 1151 3836; x_wconf 85' lang='lat' dir='ltr'>ad</span> <span class='ocrx_word' id='word_1_283' title='bbox 1169 3787 1270 3837; x_wconf 83' lang='lat' dir='ltr'>Sueten.</span> <span class='ocrx_word' id='word_1_284' title='bbox 1288 3787 1389 3837; x_wconf 85' lang='lat' dir='ltr'>Cacsar.</span> <span class='ocrx_word' id='word_1_285' title='bbox 1405 3786 1447 3834; x_wconf 84' lang='lat'>82.</span> 
     </span>
     <span class='ocr_line' id='line_1_35' title="bbox 399 3862 1535 3929; baseline 0.004 -20"><span class='ocrx_word' id='word_1_286' title='bbox 399 3862 498 3926; x_wconf 88' lang='lat' dir='ltr'>Appius</span> <span class='ocrx_word' id='word_1_287' title='bbox 520 3863 629 3922; x_wconf 87' lang='lat' dir='ltr'>fecisset,</span> <span class='ocrx_word' id='word_1_288' title='bbox 654 3862 695 3911; x_wconf 85' lang='lat' dir='ltr'>vel</span> <span class='ocrx_word' id='word_1_289' title='bbox 720 3869 862 3925; x_wconf 70' lang='lat' dir='ltr'>propterea,</span> <span class='ocrx_word' id='word_1_290' title='bbox 880 3865 946 3925; x_wconf 84' lang='lat' dir='ltr'>quod</span> <span class='ocrx_word' id='word_1_291' title='bbox 1024 3868 1060 3916; x_wconf 80' lang='lat' dir='ltr'>Ut</span> <span class='ocrx_word' id='word_1_292' title='bbox 1077 3868 1153 3929; x_wconf 80' lang='lat' dir='ltr'>siqui</span> <span class='ocrx_word' id='word_1_293' title='bbox 1162 3872 1279 3929; x_wconf 76' lang='lat' dir='ltr'>oeqrotet.</span> <span class='ocrx_word' id='word_1_294' title='bbox 1313 3865 1422 3915; x_wconf 87' lang='lat' dir='ltr'>Facilius</span> <span class='ocrx_word' id='word_1_295' title='bbox 1436 3871 1535 3927; x_wconf 89' lang='lat' dir='ltr'>putem:</span> 
     </span>
     <span class='ocr_line' id='line_1_36' title="bbox 399 3942 1537 4006; baseline 0.003 -16"><span class='ocrx_word' id='word_1_296' title='bbox 399 3957 449 3991; x_wconf 91' lang='lat' dir='ltr'>non</span> <span class='ocrx_word' id='word_1_297' title='bbox 466 3944 532 3993; x_wconf 86' lang='lat' dir='ltr'>intra</span> <span class='ocrx_word' id='word_1_298' title='bbox 548 3943 672 3991; x_wconf 66' lang='lat' dir='ltr'>icaunam</span> <span class='ocrx_word' id='word_1_299' title='bbox 689 3942 849 4000; x_wconf 85' lang='lat' dir='ltr'>mansissem,</span> <span class='ocrx_word' id='word_1_300' title='bbox 866 3948 894 3990; x_wconf 89' lang='lat' dir='ltr'>ut</span> <span class='ocrx_word' id='word_1_301' title='bbox 910 3949 946 4000; x_wconf 89' lang='lat' dir='ltr'>tu,</span> <span class='ocrx_word' id='word_1_302' title='bbox 991 3944 1028 3993; x_wconf 84' lang='lat' dir='ltr'>Ut</span> <span class='ocrx_word' id='word_1_303' title='bbox 1052 3947 1076 3993; x_wconf 84' lang='lat' dir='ltr'>si</span> <span class='ocrx_word' id='word_1_304' title='bbox 1092 3947 1136 4006; x_wconf 83' lang='lat' dir='ltr'>qui</span> <span class='ocrx_word' id='word_1_305' title='bbox 1159 3950 1286 4006; x_wconf 65' lang='lat' dir='ltr'>aegrotat,</span> <span class='ocrx_word' id='word_1_306' title='bbox 1312 3952 1336 3992; x_wconf 88' lang='lat' dir='ltr'>et</span> <span class='ocrx_word' id='word_1_307' title='bbox 1353 3960 1413 3993; x_wconf 88' lang='lat' dir='ltr'>mox</span> <span class='ocrx_word' id='word_1_308' title='bbox 1438 3946 1537 3994; x_wconf 70' lang='lat' dir='ltr'>inliciat</span> 
     </span>
     <span class='ocr_line' id='line_1_37' title="bbox 397 4021 1536 4086; baseline 0.003 -17"><span class='ocrx_word' id='word_1_309' title='bbox 397 4037 413 4069; x_wconf 95' lang='lat' dir='ltr'>o</span> <span class='ocrx_word' id='word_1_310' title='bbox 438 4024 582 4080; x_wconf 84' lang='lat' dir='ltr'>Maecenas,</span> <span class='ocrx_word' id='word_1_311' title='bbox 603 4036 704 4070; x_wconf 88' lang='lat' dir='ltr'>manere</span> <span class='ocrx_word' id='word_1_312' title='bbox 726 4021 794 4084; x_wconf 91' lang='lat' dir='ltr'>cupis</span> <span class='ocrx_word' id='word_1_313' title='bbox 817 4022 857 4070; x_wconf 89' lang='lat' dir='ltr'>vel</span> <span class='ocrx_word' id='word_1_314' title='bbox 875 4024 946 4086; x_wconf 82' lang='lat' dir='ltr'>infru</span> <span class='ocrx_word' id='word_1_315' title='bbox 986 4028 1011 4070; x_wconf 94' lang='lat' dir='ltr'>et</span> <span class='ocrx_word' id='word_1_316' title='bbox 1027 4029 1100 4084; x_wconf 61' lang='lat' dir='ltr'>coya.</span> <span class='ocrx_word' id='word_1_317' title='bbox 1136 4021 1172 4070; x_wconf 89' lang='lat' dir='ltr'>Ut</span> <span class='ocrx_word' id='word_1_318' title='bbox 1194 4023 1215 4070; x_wconf 88' lang='lat' dir='ltr'>si</span> <span class='ocrx_word' id='word_1_319' title='bbox 1237 4023 1292 4086; x_wconf 91' lang='lat' dir='ltr'>quis</span> <span class='ocrx_word' id='word_1_320' title='bbox 1310 4029 1423 4085; x_wconf 83' lang='lat' dir='ltr'>aegrotat</span> <span class='ocrx_word' id='word_1_321' title='bbox 1448 4023 1536 4072; x_wconf 89' lang='lat' dir='ltr'>morbo</span> 
     </span>
     <span class='ocr_line' id='line_1_38' title="bbox 397 4101 1535 4166; baseline 0.001 -17"><span class='ocrx_word' id='word_1_322' title='bbox 397 4101 522 4150; x_wconf 85' lang='lat' dir='ltr'>fortunam</span> <span class='ocrx_word' id='word_1_323' title='bbox 538 4109 615 4151; x_wconf 87' lang='lat' dir='ltr'>tuam.</span> <span class='ocrx_word' id='word_1_324' title='bbox 647 4101 768 4149; x_wconf 89' lang='lat' dir='ltr'>Horatius</span> <span class='ocrx_word' id='word_1_325' title='bbox 785 4101 815 4148; x_wconf 91' lang='lat' dir='ltr'>dc</span> <span class='ocrx_word' id='word_1_326' title='bbox 836 4114 946 4148; x_wconf 86' lang='lat' dir='ltr'>senune</span> <span class='ocrx_word' id='word_1_327' title='bbox 986 4102 1072 4160; x_wconf 81' lang='lat' dir='ltr'>Burri,</span> <span class='ocrx_word' id='word_1_328' title='bbox 1089 4116 1236 4166; x_wconf 85' lang='lat' dir='ltr'>quacunque</span> <span class='ocrx_word' id='word_1_329' title='bbox 1253 4110 1305 4162; x_wconf 84' lang='lat' dir='ltr'>eat,</span> <span class='ocrx_word' id='word_1_330' title='bbox 1327 4103 1419 4151; x_wconf 82' lang='lat' dir='ltr'>inliciat</span> <span class='ocrx_word' id='word_1_331' title='bbox 1435 4117 1535 4160; x_wconf 86' lang='lat' dir='ltr'>curam,</span> 
     </span>
     <span class='ocr_line' id='line_1_39' title="bbox 397 4179 1393 4245; baseline 0.003 -18"><span class='ocrx_word' id='word_1_332' title='bbox 397 4183 495 4244; x_wconf 90' lang='lat' dir='ltr'>proprie</span> <span class='ocrx_word' id='word_1_333' title='bbox 512 4197 563 4230; x_wconf 91' lang='lat' dir='ltr'>uon</span> <span class='ocrx_word' id='word_1_334' title='bbox 579 4180 701 4244; x_wconf 88' lang='lat' dir='ltr'>loquitur,</span> <span class='ocrx_word' id='word_1_335' title='bbox 725 4179 801 4242; x_wconf 90' lang='lat' dir='ltr'>idque</span> <span class='ocrx_word' id='word_1_336' title='bbox 816 4179 843 4227; x_wconf 91' lang='lat' dir='ltr'>in</span> <span class='ocrx_word' id='word_1_337' title='bbox 860 4193 896 4228; x_wconf 84' lang='lat' dir='ltr'>rs.</span> <span class='ocrx_word' id='word_1_338' title='bbox 913 4181 945 4230; x_wconf 76' lang='lat'>45</span> <span class='ocrx_word' id='word_1_339' title='bbox 986 4181 1034 4240; x_wconf 90' lang='lat' dir='ltr'>sic,</span> <span class='ocrx_word' id='word_1_340' title='bbox 1050 4180 1072 4229; x_wconf 91' lang='lat' dir='ltr'>si</span> <span class='ocrx_word' id='word_1_341' title='bbox 1089 4182 1144 4245; x_wconf 87' lang='lat' dir='ltr'>quis</span> <span class='ocrx_word' id='word_1_342' title='bbox 1161 4182 1296 4244; x_wconf 90' lang='lat' dir='ltr'>promittit,</span> <span class='ocrx_word' id='word_1_343' title='bbox 1316 4188 1393 4245; x_wconf 84' lang='lat' dir='ltr'>coget.</span> 
     </span>
     <span class='ocr_line' id='line_1_40' title="bbox 397 4260 1537 4323; baseline 0.003 -17"><span class='ocrx_word' id='word_1_344' title='bbox 397 4260 532 4321; x_wconf 87' lang='lat' dir='ltr'>signifieat:</span> <span class='ocrx_word' id='word_1_345' title='bbox 550 4275 618 4308; x_wconf 78' lang='lat' dir='ltr'>nunc</span> <span class='ocrx_word' id='word_1_346' title='bbox 634 4261 669 4307; x_wconf 85' lang='lat' dir='ltr'>ud</span> <span class='ocrx_word' id='word_1_347' title='bbox 685 4275 723 4308; x_wconf 88' lang='lat' dir='ltr'>me</span> <span class='ocrx_word' id='word_1_348' title='bbox 738 4261 817 4323; x_wconf 78' lang='lat' dir='ltr'>redeo,</span> <span class='ocrx_word' id='word_1_349' title='bbox 829 4261 945 4308; x_wconf 80' lang='lat' dir='ltr'>libertino</span> <span class='ocrx_word' id='word_1_350' title='bbox 1019 4261 1135 4308; x_wconf 81' lang='lat' dir='ltr'>Dea‘ieere</span> <span class='ocrx_word' id='word_1_351' title='bbox 1158 4276 1171 4308; x_wconf 90' lang='lat' dir='ltr'>e</span> <span class='ocrx_word' id='word_1_352' title='bbox 1192 4275 1254 4309; x_wconf 76' lang='lat' dir='ltr'>suso</span> <span class='ocrx_word' id='word_1_353' title='bbox 1276 4264 1341 4310; x_wconf 80' lang='lat' dir='ltr'>cicae</span> <span class='ocrx_word' id='word_1_354' title='bbox 1363 4268 1409 4308; x_wconf 83' lang='lat' dir='ltr'>aut</span> <span class='ocrx_word' id='word_1_355' title='bbox 1434 4262 1537 4315; x_wconf 74' lang='lat' dir='ltr'>trudere</span> 
     </span>
     <span class='ocr_line' id='line_1_41' title="bbox 396 4337 1536 4402; baseline 0.003 -17"><span class='ocrx_word' id='word_1_356' title='bbox 396 4344 472 4399; x_wconf 83' lang='lat' dir='ltr'>patre</span> <span class='ocrx_word' id='word_1_357' title='bbox 487 4345 584 4387; x_wconf 73' lang='lat' dir='ltr'>arctans.</span> <span class='ocrx_word' id='word_1_358' title='bbox 603 4337 717 4388; x_wconf 87' lang='lat' dir='ltr'>Scribere</span> <span class='ocrx_word' id='word_1_359' title='bbox 732 4338 864 4400; x_wconf 87' lang='lat' dir='ltr'>potuisset:</span> <span class='ocrx_word' id='word_1_360' title='bbox 890 4353 943 4386; x_wconf 81' lang='lat' dir='ltr'>cen-</span> <span class='ocrx_word' id='word_1_361' title='bbox 988 4337 1089 4388; x_wconf 83' lang='lat' dir='ltr'>Oadmo.</span> <span class='ocrx_word' id='word_1_362' title='bbox 1123 4338 1321 4390; x_wconf 73' lang='lat' dir='ltr'>commentator:</span> <span class='ocrx_word' id='word_1_363' title='bbox 1357 4355 1431 4398; x_wconf 88' lang='lat' dir='ltr'>„nam</span> <span class='ocrx_word' id='word_1_364' title='bbox 1456 4341 1536 4402; x_wconf 86' lang='lat' dir='ltr'>eapite</span> 
     </span>
     <span class='ocr_line' id='line_1_42' title="bbox 396 4416 1534 4481; baseline 0.004 -20"><span class='ocrx_word' id='word_1_365' title='bbox 396 4429 484 4476; x_wconf 79' lang='lat' dir='ltr'>torque</span> <span class='ocrx_word' id='word_1_366' title='bbox 500 4423 607 4466; x_wconf 78' lang='lat' dir='ltr'>naooeret</span> <span class='ocrx_word' id='word_1_367' title='bbox 641 4416 750 4478; x_wconf 76' lang='lat' dir='ltr'>Appias,</span> <span class='ocrx_word' id='word_1_368' title='bbox 773 4419 879 4480; x_wconf 70' lang='lat' dir='ltr'>inponas</span> <span class='ocrx_word' id='word_1_369' title='bbox 900 4419 944 4480; x_wconf 82' lang='lat' dir='ltr'>qui</span> <span class='ocrx_word' id='word_1_370' title='bbox 985 4417 1095 4466; x_wconf 85' lang='lat' dir='ltr'>damnati</span> <span class='ocrx_word' id='word_1_371' title='bbox 1106 4418 1136 4466; x_wconf 91' lang='lat' dir='ltr'>de</span> <span class='ocrx_word' id='word_1_372' title='bbox 1153 4432 1214 4466; x_wconf 87' lang='lat' dir='ltr'>saxo</span> <span class='ocrx_word' id='word_1_373' title='bbox 1227 4419 1333 4481; x_wconf 88' lang='lat' dir='ltr'>Tarpeio</span> <span class='ocrx_word' id='word_1_374' title='bbox 1342 4417 1534 4480; x_wconf 87' lang='lat' dir='ltr'>praecipitaban-</span> 
     </span>
     <span class='ocr_line' id='line_1_43' title="bbox 397 4496 1534 4560; baseline 0.002 -18"><span class='ocrx_word' id='word_1_375' title='bbox 397 4509 446 4542; x_wconf 79' lang='lat' dir='ltr'>noa</span> <span class='ocrx_word' id='word_1_376' title='bbox 471 4499 534 4541; x_wconf 85' lang='lat' dir='ltr'>esset</span> <span class='ocrx_word' id='word_1_377' title='bbox 557 4499 633 4556; x_wconf 82' lang='lat' dir='ltr'>putre</span> <span class='ocrx_word' id='word_1_378' title='bbox 649 4501 737 4553; x_wconf 61' lang='lat' dir='ltr'>nutum</span> <span class='ocrx_word' id='word_1_379' title='bbox 776 4497 821 4543; x_wconf 86' lang='lat' dir='ltr'>Vei</span> <span class='ocrx_word' id='word_1_380' title='bbox 841 4497 944 4555; x_wconf 69' lang='lat' dir='ltr'>samio,</span> <span class='ocrx_word' id='word_1_381' title='bbox 984 4503 1033 4554; x_wconf 89' lang='lat' dir='ltr'>tur,</span> <span class='ocrx_word' id='word_1_382' title='bbox 1059 4497 1089 4545; x_wconf 89' lang='lat' dir='ltr'>de</span> <span class='ocrx_word' id='word_1_383' title='bbox 1115 4511 1163 4560; x_wconf 88' lang='lat' dir='ltr'>quo</span> <span class='ocrx_word' id='word_1_384' title='bbox 1185 4496 1291 4544; x_wconf 80' lang='lat' dir='ltr'>radietur</span> <span class='ocrx_word' id='word_1_385' title='bbox 1313 4497 1486 4560; x_wconf 87' lang='lat' dir='ltr'>praecipitatus</span> <span class='ocrx_word' id='word_1_386' title='bbox 1510 4505 1534 4544; x_wconf 90' lang='lat' dir='ltr'>ct</span> 
     </span>
    </p>
   </div>
   <div class='ocr_carea' id='block_1_5' title="bbox 0 0 1776 5634">
    <p class='ocr_par' dir='ltr' id='par_1_15' title="bbox 0 0 1776 5634">
     <span class='ocr_line' id='line_1_44' title="bbox 0 0 1776 5634; baseline 0 0"><span class='ocrx_word' id='word_1_387' title='bbox 0 0 1776 5634; x_wconf 95' lang='lat' dir='ltr'> </span> 
     </span>
    </p>
   </div>
  </div>
 </body>
</html>
