3542 5634
406 465 448 524 30

799 449 1150 518 SATIRARUM

450 646 593 711 Nullane
609 644 709 709 habes
725 642 847 708 vitia?“
864 678 910 688 -
926 640 1032 702 Immo
1049 637 1125 718 alia,
1141 635 1230 700 haud
1246 634 1384 700 fortasse
1404 632 1544 698 minora.

450 748 600 812 Maenius
624 747 794 812 absentem
816 742 961 808 Novium
985 762 1087 824 quum
1111 742 1274 823 carperet:
1300 737 1416 820 „Heus
1440 738 1522 816 tu,“

449 850 590 930 Quidam
613 850 672 932 ait,
696 849 850 934 „ignoras
874 851 908 910 te
931 866 990 926 an,
1015 848 1053 907 ut
1076 841 1228 926 ignotum
1251 841 1327 906 dare
1350 838 1444 905 nobis

447 953 555 1020 Verba
576 955 716 1039 putas?“
742 951 909 1036 „Egomet
931 946 978 1010 mi
1002 946 1178 1030 ignosce,“
1204 944 1353 1009 Maenius
1377 941 1493 1026 inquit

448 1055 577 1122 Stultus
594 1062 628 1121 et
649 1055 805 1141 inprobus
821 1052 876 1117 hic
897 1071 988 1116 amor
1004 1053 1055 1114 est
1078 1048 1263 1132 dignusque
1289 1046 1404 1146 notari.

447 1158 556 1239 Quum
574 1163 634 1224 tua
659 1158 830 1244 pervideas
851 1154 956 1221 oculis
976 1151 1065 1216 mala
1088 1151 1199 1236 lippus
1220 1149 1385 1231 inunctis,

387 1325 390 1332 .
447 1263 513 1327 Our
535 1262 570 1326 in
595 1261 775 1327 amicorum
797 1259 889 1325 vitiis
912 1262 981 1321 tam
1004 1254 1108 1320 cernis
1129 1258 1285 1335 acutum,

446 1364 555 1442 Quam
571 1370 630 1430 sut
651 1365 763 1449 aquila
784 1369 842 1429 sut
860 1381 993 1446 serpens
1015 1357 1238 1442 Epidaurius?
1260 1356 1308 1420 At
1330 1353 1393 1419 tibi
1413 1357 1529 1419 eontra

401 1520 428 1569 Si
456 1522 496 1568 cni
522 1521 587 1569 filius
615 1530 664 1581 est,
692 1530 720 1570 ut
746 1523 872 1570 abortivus
902 1519 948 1566 fuit

727 1600 786 1650 olim

402 1675 536 1738 Sisyphus:
549 1677 616 1725 hunc
625 1679 733 1737 Varum,
748 1679 855 1727 distortis
871 1678 947 1726 cruri-

726 1756 784 1815 bus,
801 1756 871 1805 illum

398 1832 510 1882 Balbutit
526 1834 660 1894 Scaurum,
678 1835 760 1897 parvis
776 1835 866 1883 fultum
882 1834 947 1884 male

726 1914 789 1962 talis.

397 1990 496 2040 Vellem
521 1993 547 2039 in
565 1993 671 2041 amicitia
690 1994 726 2042 sic
744 2008 897 2052 erraremus,
923 1999 947 2041 et

431 2108 434 2113 -
725 2073 766 2121 isti

396 2149 482 2197 Errori
505 2163 597 2198 nomen
620 2151 699 2200 virtus
720 2152 840 2213 posuisset
859 2151 945 2198 hones·

722 2238 783 2278 tum.

395 2306 499 2354 Parcius
516 2307 556 2355 hic
577 2308 655 2355 vivit?
677 2307 745 2370 frugi
766 2309 873 2356 dicatur:
895 2308 944 2355 ine·

721 2395 777 2447 ptus

394 2464 428 2512 Et
444 2463 571 2512 iactantior
587 2464 627 2511 hic
642 2464 725 2527 paullo
742 2467 795 2513 est?
811 2465 944 2513 concinnus

721 2544 804 2592 amicis

392 2621 507 2670 Postulat
523 2628 552 2670 ut
569 2622 693 2671 rideatur:
717 2630 743 2670 at
766 2628 804 2670 est
820 2622 942 2671 truculen-

719 2702 768 2749 tior
784 2709 858 2764 atque

391 2779 453 2828 Plus
469 2794 549 2843 aequo
564 2779 642 2827 liber?
652 2779 758 2842 simplex
770 2779 888 2843 fortisque
899 2781 941 2829 ha-

655 2898 658 2905 ,
718 2859 811 2908 beatur.

390 2934 490 2985 caldior
515 2941 568 2986 est?
599 2952 666 2987 acres
697 2939 761 2987 inter
785 2946 939 2998 numeretur,

716 3017 809 3082 opinor.

389 3095 532 3145 Iracundior
562 3103 600 3144 est
624 3095 726 3158 paullo?
759 3096 841 3144 miuus
866 3102 937 3158 aptus

716 3175 794 3223 acutis

387 3253 496 3301 Naribus
513 3254 602 3302 horum
618 3255 754 3302 hominum.
779 3254 865 3302 Rideri
880 3267 935 3315 pos·

714 3333 745 3381 sit
762 3347 803 3389 eo,
820 3334 886 3396 quod

298 3397 302 3404 ’
386 3411 510 3460 Rusticius
535 3420 606 3461 tonso
631 3421 691 3476 toga
714 3411 799 3460 defluit
822 3418 847 3460 et
869 3413 934 3462 male

710 3491 782 3538 laxus

385 3568 417 3616 In
432 3571 494 3632 pede
510 3569 604 3618 calceus
620 3570 719 3617 haeret?
741 3577 767 3617 at
783 3576 820 3617 est
841 3571 932 3630 bonus,

519 3663 522 3667 ’
711 3655 739 3695 ut
754 3649 839 3696 melior
856 3649 895 3696 rir

384 3727 443 3775 Non
455 3725 516 3774 alius
527 3727 667 3790 quisquam,
684 3733 710 3772 at
724 3726 768 3774 tibi
783 3728 889 3787 amicus,
906 3735 931 3776 at

704 3806 831 3867 ingenium
842 3808 929 3871 ingens

383 3883 481 3933 Inculto
496 3884 556 3933 latet
572 3885 618 3933 hoo
632 3884 679 3932 sub
695 3899 809 3948 corpore:
826 3887 933 3952 denique

710 3953 832 4028 teipsum

382 4039 509 4101 Concute,
530 4056 591 4091 num
608 4058 658 4107 qua
673 4043 718 4091 tibi
733 4044 849 4094 vitiorum
865 4046 928 4095 inse-

432 4175 435 4180 ·
708 4124 772 4172 verit
787 4125 847 4174 olim

380 4201 491 4261 Natura,
517 4208 560 4250 aut
585 4202 659 4251 etiam
678 4206 828 4254 consuetudo
849 4205 928 4266 mala;

663 4318 668 4328 .
706 4297 812 4346 namque

379 4356 504 4420 Neglectis
531 4362 626 4409 urende
652 4361 707 4409 filix
733 4363 868 4412 innascitur

706 4442 779 4502 agris.

990 1516 1058 1564 Haec
1075 1530 1114 1563 res
1132 1523 1155 1565 et
1176 1516 1272 1578 iungit,
1295 1515 1389 1562 iunctos
1411 1521 1435 1561 et
1455 1521 1543 1560 servat

1317 1607 1415 1641 amicos.

987 1672 1026 1720 At
1043 1688 1087 1721 nos
1105 1674 1208 1722 virtutes
1225 1673 1289 1735 ipsas
1306 1671 1460 1727 invertimus,
1476 1684 1513 1732 sq.

1021 1831 1097 1880 Nune
1114 1833 1207 1894 uliquis
1224 1832 1294 1880 dieat
1311 1831 1381 1876 mihi.
1414 1825 1454 1884 Si,
1471 1827 1541 1888 quod

986 1909 1039 1971 ipse
1061 1908 1157 1970 fateris,
1179 1911 1228 1958 alia
1249 1910 1311 1958 vitia
1331 1908 1419 1966 habes,
1441 1913 1465 1954 et
1489 1905 1539 1954 for-

987 1995 1052 2036 tasse
1068 1989 1135 2038 haud
1151 1991 1263 2047 minora,
1281 2003 1323 2037 cnr
1337 1987 1380 2036 illa
1391 2001 1441 2035 non
1451 1987 1540 2034 rides?

987 2067 1116 2115 Maenium
1138 2069 1230 2117 imitari
1251 2069 1356 2124 videris,
1379 2067 1422 2130 qui
1438 2065 1540 2114 sibimet

986 2147 1135 2209 ignoscebat.
1163 2149 1212 2200 Sed
1223 2148 1294 2207 audi,
1310 2147 1369 2210 quid
1381 2147 1423 2195 alii
1434 2147 1539 2196 Maenio

985 2227 1164 2288 responderint.
1197 2227 1241 2276 Ad
1258 2227 1318 2276 haec
1328 2227 1458 2275 Horatius:
1484 2226 1539 2274 Iste

985 2319 1054 2353 amor
1071 2307 1110 2354 sui
1127 2307 1204 2370 ipsius
1216 2314 1253 2356 est
1264 2306 1361 2356 stultus.
1389 2305 1538 2368 Explicah0,

985 2383 1057 2446 quale
1077 2385 1194 2434 indicium
1217 2401 1269 2434 esse
1291 2392 1401 2448 oporteat
1420 2385 1538 2432 devitiis

985 2464 1127 2514 amicorum.
1162 2465 1277 2514 Primum
1296 2477 1440 2520 careamus,
1458 2476 1492 2510 ne
1508 2463 1538 2510 in

984 2544 1096 2606 turpibus
1114 2545 1181 2592 vitiis
1198 2545 1276 2592 simus
1293 2543 1370 2600 caeci,
1393 2541 1471 2590 multo
1488 2543 1537 2590 mi-

983 2637 1030 2670 nus
1048 2623 1078 2670 iis
1096 2622 1255 2671 delectemur:
1273 2622 1375 2679 deinde,
1388 2635 1420 2669 ne
1434 2620 1537 2678 amicos,

983 2709 1082 2764 propter
1103 2703 1176 2762 vitia,
1202 2703 1268 2750 haud
1291 2702 1326 2750 ita
1346 2701 1440 2763 turpia,
1465 2699 1536 2747 fasti·

983 2781 1090 2838 diamus,
1109 2783 1151 2830 sed
1169 2797 1198 2830 ca
1213 2782 1241 2829 in
1254 2788 1348 2844 partem
1361 2779 1485 2828 mitiorem
1496 2779 1535 2827 in-

982 2866 1157 2923 terpretemur:
1179 2861 1285 2924 denique
1305 2875 1351 2908 uos
1374 2861 1438 2922 ipsos
1458 2873 1534 2907 excu-

982 2939 1080 2988 tiamus.
1117 2940 1159 2990 Sic
1175 2940 1284 2988 amicitia
1301 2940 1429 2988 constabit.
1447 2958 1450 2966 ·

1014 3020 1097 3068 Haud
1116 3021 1229 3082 sortasse
1254 3021 1360 3068 minora.
1399 3017 1454 3066 Alii
1471 3024 1533 3074 out,

979 3103 1020 3154 nt,
1035 3104 1072 3156 et,
1086 3098 1177 3160 partim
1191 3112 1223 3145 ex
1236 3096 1313 3146 MSS.
1325 3097 1415 3159 partim
1430 3110 1462 3144 ex
1474 3110 1533 3145 con-

978 3174 1078 3225 iectura.
1093 3181 1147 3224 Aut
1157 3176 1248 3224 habent
1257 3174 1484 3239 paucissimiOodd.
1498 3176 1533 3224 In

977 3255 1119 3304 discrimine
1128 3261 1180 3302 tam
1193 3255 1250 3311 levi,
1267 3255 1348 3317 magis
1362 3255 1532 3317 quaerendum

975 3341 1043 3396 puto,
1059 3335 1119 3398 quid
1136 3330 1263 3382 sententia*
1270 3332 1396 3395 postulare
1408 3332 1532 3382 rideatur.

1012 3415 1141 3462 Maeuius.
1175 3411 1376 3462 commentator:
1404 3411 1472 3472 „Qui
1499 3413 1532 3460 de

973 3493 1084 3555 personis
1100 3491 1245 3541 Horatianis
1262 3490 1426 3553 seripserunt,
1445 3491 1529 3539 siunt:
1588 3495 1591 3500 '

972 3573 1101 3620 Maenium
1118 3571 1266 3620 scurrilitate
1291 3570 1385 3619 Romae
1408 3569 1530 3618 nobilissi-

972 3665 1041 3699 mum
1067 3650 1149 3699 fuism.
1188 3649 1238 3698 Hic
1265 3655 1321 3711 post
1352 3648 1530 3710 patrimonium

970 3733 1086 3780 obrosum
1115 3730 1231 3780 Calendis
1253 3729 1376 3779 Ianuariis
1404 3729 1428 3776 in
1455 3727 1531 3792 Capi-

970 3810 1029 3858 tolio
1046 3810 1113 3859 clara
1124 3824 1183 3858 voce
1199 3810 1305 3872 optavit,
1322 3816 1351 3856 ut
1365 3809 1530 3871 quadraginta

970 3904 1129 3938 nummorum
1152 3889 1215 3938 aeris
1233 3888 1307 3936 alieni
1325 3887 1436 3936 haberet:
1455 3901 1528 3950 quae-

970 3975 1040 4018 rente
1064 3969 1184 4032 quodam,
1209 3967 1268 4030 quid
1285 3967 1333 4014 sibi
1350 3966 1436 4023 vellet,
1462 3969 1529 4029 quod

968 4054 1020 4096 tam
1037 4047 1142 4096 solemni
1158 4047 1197 4094 die
1225 4061 1267 4094 aes
1286 4045 1397 4094 alienum
1420 4051 1527 4108 optaret:

968 4126 1027 4176 Noli
1048 4126 1148 4183 mirari,
1169 4125 1266 4188 inquit,
1289 4125 1414 4187 octoginta
1436 4123 1527 4172 habere

968 4206 1068 4255 debe0.“
1094 4206 1220 4256 Gesnerus
1239 4205 1328 4254 bahem
1344 4205 1420 4254 delet:
1445 4211 1470 4253 et
1485 4205 1526 4253 de

968 4285 1069 4335 lendum
1093 4293 1143 4344 cst,
1167 4291 1210 4332 aut
1231 4283 1377 4347 legendum:
1399 4284 1527 4346 octoginta

968 4368 1056 4423 babeo,
1072 4368 1090 4414 i.
1108 4383 1127 4415 e.
1145 4369 1222 4416 debeo.
1258 4364 1395 4415 Scholiasta
1413 4365 1429 4412 i.
1448 4379 1468 4412 e.
1485 4365 1525 4412 de-

969 4448 1010 4494 beo
1026 4446 1119 4494 addidit
1137 4446 1276 4509 explicandi
1295 4459 1390 4493 coiisse.
