3542 5634
427 547 490 609 160
820 544 1163 611 SATIRARUM

470 736 569 801 Esset
590 736 669 801 ador
690 735 887 822 loliumque,
913 735 1006 821 dapis
1030 736 1165 800 meliora
1187 734 1383 822 relinquens.

470 842 612 906 Tandem
623 841 766 906 urbanus
781 842 823 906 ad
837 842 943 906 hunc:
956 840 1067 924 „Quid
1082 845 1116 905 te
1126 840 1217 906 iuvat
1225 843 1259 924 ,“
1276 840 1395 926 inquit,
1414 838 1552 924 „amice

471 943 640 1029 Praerupti
665 943 807 1010 nemoris
830 944 1012 1029 patientem
1035 943 1143 1008 vivere
1165 943 1281 1009 dorso?

469 1045 529 1112 Vis
553 1053 591 1112 tu
613 1046 761 1112 homines
785 1047 962 1131 urbemque
984 1046 1061 1112 feris
1084 1067 1280 1131 praeponere
1303 1045 1418 1111 silvis?

470 1149 573 1236 Carpe
595 1149 702 1232 viam,
726 1149 942 1233 mihicrede,
967 1171 1092 1232 comes,
1117 1149 1283 1214 terrestria
1305 1149 1435 1234 quando

468 1254 622 1320 Mortales
646 1253 772 1318 animus
795 1252 913 1318 vivum
936 1255 1070 1337 sortita,
1095 1275 1199 1339 neque
1221 1253 1291 1318 ulla
1313 1257 1364 1318 est

466 1359 538 1424 Aut
558 1380 679 1444 magno
702 1363 760 1424 aut
780 1381 880 1444 parvo
903 1359 962 1424 leti
985 1360 1072 1444 fuga
1122 1359 1210 1442 Quo,
1234 1359 1333 1441 bone,
1358 1358 1457 1442 circa,

466 1462 556 1526 Dum
578 1461 671 1545 licet,
695 1461 731 1525 in
753 1462 849 1526 rebus
873 1461 1025 1526 iucundis
1047 1463 1121 1527 vive
1143 1462 1277 1545 beatus,

465 1565 548 1630 Vive
570 1586 708 1647 mernor,
732 1586 831 1650 quarn
855 1564 901 1631 sis
924 1565 995 1630 aevi
1017 1565 1165 1630 brevisl“
1213 1565 1303 1630 Haec
1326 1566 1382 1632 ubi
1406 1566 1495 1632 dicta

464 1657 638 1754 Agrestem
660 1668 826 1754 pepulere,
851 1669 948 1734 domo
970 1669 1052 1735 levis
1075 1669 1205 1749 exsilit3
1230 1670 1307 1736 inde

461 1771 571 1837 Ambo
592 1771 796 1858 propositum
818 1779 980 1858 peragunt
1004 1773 1075 1856 iter,
1098 1773 1188 1839 urbis
1212 1780 1343 1840 aventes

463 1875 593 1941 Moenia
615 1875 767 1941 nocturni
790 1876 968 1961 subrepere.
1016 1878 1151 1963 Iamque
1175 1878 1306 1943 tenebat

462 1978 538 2043 Nox
559 1977 704 2043 medinm
727 1977 809 2043 coeli
832 1979 993 2063 spatium,
1018 2001 1120 2065 quum
1142 1979 1237 2065 ponit
1258 1987 1393 2066 uterque

461 2082 501 2145 In
524 2081 687 2166 locuplete
711 2082 807 2146 domo
830 2082 988 2168 vestigia,
1013 2083 1110 2148 mbro
1132 2083 1189 2148 nbi
1213 2105 1305 2149 cocco

459 2184 575 2250 Tincta
597 2206 694 2269 super
716 2184 817 2251 lectos
842 2185 994 2252 canderet
1016 2186 1117 2251 vestis
1141 2186 1303 2270 eburnos,

458 2287 628 2372 Multaque
651 2288 690 2353 de
712 2309 833 2374 magna
856 2295 1062 2374 superessent
1082 2288 1205 2355 fercula
1226 2311 1341 2374 coena,

458 2389 547 2470 Quae
568 2391 682 2476 procul
705 2391 878 2457 exstructis
903 2392 1032 2457 inerant
1053 2393 1206 2458 hesterna
1227 2393 1386 2459 canistris

457 2493 545 2579 Ergo
567 2493 625 2559 ubi
646 2516 808 2580 purpurea
829 2502 1013 2580 porrectum
1036 2497 1070 2560 in
1093 2501 1183 2561 veste
1205 2496 1326 2562 locavit

454 2594 646 2681 Agrestem‚
670 2596 774 2662 veluti
794 2597 977 2663 succinctus
1001 2598 1137 2664 cursitat
1160 2598 1277 2684 hospes

455 2698 697 2785 Continuatque
722 2701 840 2786 dapes,
863 2723 990 2767 necnon
1012 2702 1179 2768 verniliter
1199 2703 1281 2788 ipsis

445 2900 529 2963 Carpe
551 2902 631 2958 mom,
658 2901 722 2948 miii
753 2902 836 2958 mede,
866 2916 952 2951 omnes.
990 2903 1028 2951 nit
1050 2917 1107 2952 cum
1131 2902 1219 2951 comite
1239 2912 1285 2948 suo
1300 2898 1406 2959 anticio
1421 2897 1449 2944 ia
1464 2897 1538 2946 domo

409 2979 530 3029 Hortatus
554 2985 607 3027 crat
628 2979 762 3041 hospitem,
786 2986 815 3027 ut
841 2979 952 3030 homines
992 2985 1118 3045 implete.
1142 2978 1418 3030 Indsreditinsiluum
1434 2991 1536 3024 cauam-

410 3065 435 3108 et
450 3059 537 3108 urbem
557 3058 615 3107 foris
636 3058 705 3107 silvis
722 3066 891 3122 praeponeret.
924 3053 951 3120 i,
991 3076 1044 3123 que.
1076 3061 1143 3111 Hinc
1164 3059 1265 3117 melius,
1289 3062 1362 3119 puto,
1383 3069 1450 3103 nunc
1474 3070 1536 3104 cusu

409 3153 513 3198 mecum,
530 3138 578 3199 ait;
594 3137 656 3186 milri
676 3139 754 3187 crede.
788 3138 853 3199 Quid
870 3141 952 3188 erede-
991 3142 1052 3190 leuis
1073 3143 1166 3190 scald.
1199 3139 1278 3188 acea
1307 3135 1414 3184 rusticus
1438 3148 1475 3182 vs.
1492 3135 1534 3183 88.

406 3221 465 3267 ret?
497 3219 574 3268 Haud
590 3217 661 3266 facile
677 3219 738 3266 satis
759 3232 791 3266 ex
809 3220 951 3268 anteceden-
990 3219 1128 3282 appellatur
1153 3223 1229 3282 pater
1245 3219 1343 3273 domus,
1360 3213 1420 3277 quia
1436 3213 1471 3262 ibi
1487 3229 1535 3263 nec

409 3298 473 3347 tibus
498 3297 618 3356 efficitur,
642 3299 721 3346 situm
748 3300 872 3347 urbanam
900 3313 952 3349 esse
989 3299 1103 3362 pauperis
1128 3300 1215 3346 domus
1242 3310 1289 3344 nec
1315 3293 1445 3356 locupletis
1468 3295 1535 3343 ratio

314 3375 316 3380 ’
408 3378 538 3426 mliorem.
572 3376 660 3440 Neque
681 3383 746 3425 recte
765 3376 797 3425 ad
822 3378 951 3441 sequentia
989 3379 1103 3428 habetur.

408 3455 506 3504 referas.
539 3456 606 3505 Nam
627 3456 662 3504 ibi
682 3457 761 3506 oratio
781 3457 948 3507 concluditur!
1024 3459 1116 3507 Tincta
1131 3473 1208 3524 super
1227 3458 1300 3506 lectos
1321 3455 1438 3503 camsi
1455 3454 1533 3503 venis

408 3535 532 3599 quocirca,
548 3536 608 3583 dum
618 3534 684 3593 licet,
699 3536 756 3584 vive
766 3535 859 3585 beatus.
878 3536 950 3584 Mihi
988 3539 1099 3587 eburnos.
1133 3535 1224 3585 Omnia
1244 3535 1308 3593 fere,
1325 3534 1391 3581 unde
1413 3533 1533 3595 splendor

407 3616 479 3662 mede
494 3613 618 3676 significat
634 3617 704 3662 crede
716 3629 804 3663 verum
819 3616 949 3678 essequod
988 3616 1089 3679 quidam
1104 3616 1176 3673 redit,
1187 3617 1300 3664 suadeat.
1325 3613 1360 3660 Et
1376 3610 1443 3660 oolor
1459 3613 1533 3659 albus

408 3692 461 3740 dixi
488 3692 528 3740 vel
551 3691 661 3741 dicturus
684 3708 747 3742 sum.
792 3694 864 3754 Quod
887 3709 948 3742 non·
988 3694 1065 3757 vulgo
1090 3694 1163 3743 habet
1186 3693 1280 3756 aliquid
1303 3690 1435 3754 splendidi.
1468 3692 1531 3739 Fer·

408 3770 474 3818 nulli
480 3769 595 3832 supplent
604 3772 675 3819 crede
684 3777 709 3819 ie
719 3773 782 3820 mibi
787 3785 872 3828 ,meac
882 3771 948 3831 fidei,
988 3790 1045 3822 rum
1062 3775 1089 3822 in
1104 3773 1215 3821 maximo
1231 3774 1334 3830 ardore,
1350 3772 1449 3820 caudet.
1465 3769 1531 3831 Quis

409 3849 494 3898 dubito
517 3863 550 3896 sn
566 3862 701 3911 pronomen
725 3848 787 3897 bene
811 3850 947 3901 omittatur.
987 3868 1038 3902 non
1054 3853 1200 3917 explicavit?
1225 3853 1306 3909 Unus,
1321 3866 1354 3898 ex
1369 3849 1461 3909 multis,
1478 3850 1529 3898 suf-

407 3928 457 3987 Ita,
480 3934 552 3991 puto,
577 3927 695 3976 Horatius
719 3926 833 3976 dixisset:
865 3929 949 3992 Carpe
987 3933 1053 3982 ficiet
1064 3932 1214 3984 Oudendad
1222 3931 1318 3995 Appul.
1327 3929 1429 3979 Metam
1438 3945 1462 3991 p.
1470 3929 1529 3978 236.

407 4011 487 4065 vlam,
504 4009 615 4057 tetrade
630 4009 700 4056 mibi.
732 4009 848 4058 Fortasse
863 4009 947 4073 legen·
987 4015 1036 4063 Hic
1060 4017 1190 4070 cundoet,
1212 4013 1250 4062 ita
1273 4026 1330 4060 cum
1358 4011 1436 4058 rubro
1459 4023 1530 4058 cocco

407 4088 479 4135 dum:
499 4084 583 4149 Carpe
598 4087 677 4146 eisin,
690 4087 752 4136 mibi
768 4097 844 4151 corpe
859 4105 945 4140 comes.
986 4094 1105 4152 iunctum,
1121 4093 1184 4140 mibi
1198 4091 1316 4155 displicet.
1338 4088 1465 4146 1101811118»
1482 4103 1528 4151 Pu·

406 4164 488 4228 Carpe
509 4165 589 4224 viam,
614 4166 666 4214 dux
690 4166 734 4215 tibi
755 4181 810 4225 ero,
826 4182 866 4216 me
883 4169 945 4218 duee
985 4179 1022 4229 to,
1039 4171 1149 4234 scripsit:
1171 4173 1279 4220 criasi.
1295 4168 1390 4231 virgil.
1402 4169 1467 4216 Aen.
1477 4167 1527 4216 IV.

404 4251 472 4293 tutus
489 4245 521 4292 ad
537 4250 632 4293 tantam
649 4245 792 4295 felicitatem
808 4249 944 4310 pervenies.
984 4251 1041 4301 wi.
1061 4254 1187 4315 Tyrioque
1205 4251 1310 4299 ardebat
1329 4245 1424 4296 murice
1444 4249 1526 4296 uena.

405 4325 435 4372 Si
451 4329 506 4372 tais
524 4325 573 4372 tibi
588 4327 646 4373 bene
662 4339 714 4373 esse
724 4331 794 4388 potes
802 4329 868 4389 pati,
879 4331 944 4387 seni,
1019 4331 1203 4394 Continuitque
1228 4331 1311 4392 dapes.
1344 4328 1387 4375 Ex
1410 4326 1526 4390 opinione

402 4403 591 4460 rimamarum,
613 4409 642 4452 ut
657 4409 694 4451 est
711 4403 738 4452 in
754 4405 840 4453 Plauti
857 4407 942 4457 Persa.
982 4411 1157 4474 interpretum:
1185 4410 1252 4457 alius
1272 4413 1330 4471 post
1357 4408 1424 4456 alius
1450 4409 1527 4470 dapes

434 4481 515 4530 Dorso
532 4482 591 4530 leuis
607 4485 701 4532 exsilit.
734 4484 852 4533 Rusticus
869 4485 942 4533 urba-
983 4490 1068 4552 offeri,
1100 4488 1196 4537 Dubito
1211 4502 1245 4535 an
1265 4486 1306 4534 hic
1326 4486 1384 4534 satis
1405 4485 1526 4536 monum

401 4571 461 4605 1111111
478 4566 726 4624 exceperatpaupere
740 4578 812 4612 coco:
829 4577 941 4626 moxpo
982 4569 1022 4617 sit.
1061 4570 1201 4619 conmuni
1224 4567 1315 4629 dapes,
1339 4565 1383 4629 qui
1407 4566 1527 4615 continuo

1685 1586 1687 1711 l
