3542 5634
647 543 827 608 LIBER
872 543 915 607 ΙΙ.

271 733 435 818 Fungitur
459 733 573 798 officiis
597 732 821 817 praelambens
841 753 954 813 omne,
979 732 1066 816 quod
1087 731 1190 798 affert.

271 837 332 901 ille
356 837 477 902 cubans
501 836 622 922 gaudet
645 839 773 900 mutata
796 841 899 917 sorte,
923 834 1082 920 bonisque

270 940 379 1004 Rebus
404 939 474 1024 agit
496 939 619 1004 laetum
642 938 830 1020 convivam,
855 959 957 1022 quum
979 938 1088 1003 subito
1111 939 1227 1024 ingens

268 1041 447 1106 Valvarum
471 1041 627 1126 strepitus
650 1041 743 1106 lectis
767 1040 911 1106 excussit
933 1045 1116 1127 utrumque.

270 1143 405 1210 Currere
427 1168 484 1231 per
507 1151 614 1210 totum
637 1143 748 1231 pavidi
772 1143 942 1226 conclave,
966 1144 1137 1230 magisque

269 1247 446 1314 Exanimes
471 1249 647 1334 trepidare,
672 1247 770 1312 simul
794 1248 910 1313 domus
931 1248 1000 1313 alta
1024 1247 1176 1314 Molossis

222 1345 225 1354 '
271 1352 448 1418 Personuit
470 1354 615 1420 canibus.
663 1353 745 1417 Tum
767 1352 928 1418 rusticus:
953 1353 1078 1436 „Haud
1101 1352 1183 1417 mihi
1207 1353 1276 1417 vita

222 1505 298 1567 dapes
331 1505 463 1564 consumit,
493 1506 609 1554 continuo
639 1505 765 1567 epulatur.
812 1520 909 1553 summa
933 1512 1019 1568 parte,
1041 1506 1067 1553 in
1083 1505 1210 1568 superficie
1237 1507 1354 1564 lambere,

222 1581 355 1633 Claudiam
380 1584 488 1633 Praesat.
512 1583 597 1647 Epith.
620 1585 714 1634 Honor.
740 1592 765 1634 et
812 1584 883 1632 sicuti
899 1585 990 1633 fluvius
1004 1587 1157 1648 praelambit
1172 1599 1276 1643 arenae,
1293 1584 1354 1632 levi-

223 1663 320 1712 Mariae
337 1664 361 1712 t.
377 1662 511 1711 certarent
520 1665 601 1725 epatis
617 1666 765 1713 continuare
813 1671 850 1712 ter
875 1664 974 1713 lambit:
1002 1665 1149 1728 praepositio
1176 1664 1278 1713 eandem
1303 1664 1354 1712 vim

222 1746 283 1792 dies.
316 1744 366 1794 Ubi
391 1745 417 1792 in
439 1744 490 1792 eliis
513 1743 589 1793 MSS.
611 1751 664 1792 erat
681 1745 764 1806 dapes.
814 1743 898 1804 habet,
914 1760 989 1809 quam
1017 1746 1044 1794 in
1058 1747 1207 1808 praerodere
1225 1743 1299 1794 Satir.
1316 1743 1352 1792 II.

223 1821 297 1883 Quod
314 1823 414 1872 Heinsio
430 1829 562 1870 venustum
574 1822 711 1881 videbatur,
720 1822 765 1870 mi·
814 1839 837 1872 v.
854 1825 894 1872 25.
912 1827 1093 1896 Insidiatorem
1114 1840 1232 1889 praeraso
1250 1823 1354 1888 fauerit

222 1903 251 1950 hi
274 1916 325 1950 non
351 1902 455 1950 videtur.
481 1902 560 1960 Turn,
585 1903 668 1959 credo,
693 1902 765 1964 poeta
813 1904 898 1953 haam:
931 1905 1005 1967 piscis
1031 1919 1082 1953 non
1106 1904 1170 1952 rodit
1191 1917 1273 1951 escam
1301 1918 1353 1951 om-

222 1983 372 2044 scripsisset:
395 1984 501 2043 dapibus
520 1983 665 2030 coadunare
681 1984 765 2048 dapes,
811 1996 880 2041 nem,
906 1985 948 2031 sed
973 1983 1117 2046 particulam
1143 1988 1281 2031 exstantem
1309 1983 1352 2031 ha·

223 2062 284 2110 Dies
309 2065 456 2112 continuant
480 2064 573 2125 epulis,
594 2062 659 2109 idem
684 2068 721 2108 est
737 2075 765 2109 sc
812 2074 866 2119 1110,
882 2062 918 2108 ita
934 2071 963 2110 ut
980 2063 1081 2110 hamum
1097 2064 1165 2111 vitet.
1200 2063 1256 2110 Iam
1272 2065 1353 2110 serai-

222 2144 374 2190 aontiaaant
402 2144 489 2204 epulas
519 2155 562 2203 per
586 2140 675 2188 multos
705 2141 764 2188 dies.
812 2141 870 2187 liter
886 2140 972 2189 officiis
988 2140 1111 2204 fungitur,
1133 2155 1200 2190 more
1219 2155 1353 2189 vernarum

222 2220 282 2268 Dici
297 2227 408 2283 poterat:
434 2235 489 2268 mus
506 2221 628 2277 urbanus,
656 2220 699 2282 qui
716 2220 764 2267 iam
811 2225 835 2266 et
851 2233 978 2268 servorum
994 2221 1116 2283 angitur,
1133 2227 1159 2268 et
1173 2221 1266 2268 interea
1287 2219 1355 2277 facit,

223 2311 281 2344 rure
298 2307 455 2359 coenaverat,
471 2314 537 2348 nunc
552 2300 643 2347 iterum
660 2299 686 2347 in
703 2299 764 2347 urbe
810 2299 876 2360 quod
901 2314 992 2348 vernae
1016 2306 1040 2348 et
1062 2299 1127 2348 servi
1143 2313 1257 2362 proeaees
1274 2299 1353 2347 facere

222 2385 322 2438 coenat,
343 2393 443 2428 coenam
464 2379 525 2427 adeo
546 2385 570 2428 et
591 2380 665 2442 dapes
688 2381 763 2428 conti-

221 2464 291 2504 nuat.
325 2457 372 2508 Sed
390 2473 456 2506 nunc
472 2473 547 2522 opera
568 2458 635 2506 illius
652 2459 763 2507 describi-

222 2543 265 2583 tur
281 2537 306 2584 in
323 2551 397 2586 coena
413 2539 538 2601 paranda,
555 2546 579 2585 et
601 2537 713 2601 fungitur
729 2539 763 2586 of·

222 2616 284 2664 ficiis
295 2632 391 2666 vernae.
408 2619 553 2681 Legendum
568 2624 639 2681 puto:
655 2620 762 2680 Careia-

221 2703 316 2759 natqae
340 2700 423 2760 dapes.
457 2698 540 2746 Plaut.
566 2698 718 2746 Menaechm.
741 2699 761 2746 Ι.

221 2791 241 2824 1.
257 2778 296 2826 25.
333 2779 447 2829 Cereales
462 2794 549 2829 caenae
565 2781 622 2837 dat,
643 2782 681 2827 ita
697 2797 762 2829 men-

221 2871 265 2904 sae
281 2860 406 2906 exstruit.-
429 2860 527 2906 Tantas
543 2860 650 2907 struices
666 2861 761 2907 concin-

220 2941 269 2983 nat
288 2939 440 2997 patinarias.
474 2937 601 2985 Iuvenalis
622 2936 687 2984 idern
708 2937 763 2984 aliis

221 3014 304 3063 verbis
325 3015 441 3078 exprimit
463 3013 538 3062 Satir.
559 3013 623 3062 VII.
648 3014 702 3061 184.
724 3030 762 3063 ue-

220 3096 283 3151 niet,
306 3097 350 3156 qai
366 3095 471 3157 fercula
497 3095 568 3142 docte
610 3092 761 3153 Campoaat,

220 3176 312 3232 venta,
329 3174 373 3234 qai
388 3173 561 3235 pulmentaria
572 3173 663 3222 condit.

258 3251 414 3300 Coaeiaaare
430 3257 455 3300 st
476 3251 667 3302 continuarem
685 3249 760 3301 MSS.

218 3337 405 3394 permutantur5
422 3331 564 3394 exemplum
582 3340 618 3380 est
629 3331 656 3379 in
668 3329 760 3393 Appul.

219 3411 323 3459 Metam.
340 3426 364 3473 p.
381 3412 437 3462 497.
454 3409 566 3460 Oudend.

257 3491 435 3539 Praelambeaa
467 3505 553 3548 amne,
581 3491 645 3551 quod
675 3489 761 3551 affert.

220 3569 348 3618 Bentleius
364 3570 390 3616 in
407 3567 501 3617 duobus
518 3567 594 3617 MSS.
612 3567 674 3615 vidit
689 3584 761 3629 prae-

811 2377 902 2435 solent,
918 2379 1049 2441 qui,quod
1062 2380 1088 2426 in
1105 2393 1216 2427 mensam
1232 2377 1353 2436 afferunt,

810 2456 960 2520 ligurriunt,
977 2457 1103 2515 lambunt,
1119 2457 1291 2521 praelambunt
1307 2457 1353 2504 ali·

810 2537 881 2599 quid,
898 2551 970 2599 saepe
987 2552 1017 2584 eo
1032 2537 1201 2594 officiosiores,
1219 2551 1267 2600 quo
1282 2551 1351 2600 prae-

810 2614 934 2664 lambendi
962 2617 1107 2679 cupidiores.
1153 2617 1212 2665 Mus
1247 2616 1352 2664 rusticus

810 2701 862 2742 erat
894 2695 1026 2758 simplicior
1053 2702 1079 2744 et
1109 2696 1240 2743 honestior.
1283 2695 1353 2744 Nihil

809 2775 999 2838 praelambebat.
1041 2777 1173 2834 Urbanus,
1202 2792 1352 2841 quamquam

809 2855 896 2904 officiis
922 2856 1047 2918 eleganter
1073 2855 1144 2918 fungi
1168 2856 1267 2913 studet,
1283 2856 1352 2919 inge-

810 2935 879 2981 nium
895 2942 978 2982 tamen
995 2934 1083 2983 servile
1099 2935 1178 2982 celare
1198 2949 1250 2983 non
1265 2943 1351 2998 potest.

810 3011 882 3071 Quod
904 3020 1069 3073 exspectasses
1089 3013 1170 3074 magis
1191 3013 1223 3060 ab
1244 3015 1350 3071 rustico,

809 3089 991 3139 facitnrbanus.
1019 3090 1166 3140 Scholiastes
1180 3093 1352 3152 praelambens

809 3183 858 3216 non
886 3169 948 3218 bene
977 3170 1151 3231 interpretatur
1174 3176 1350 3232 praepustare,

808 3250 867 3313 quia
883 3251 935 3297 vim
950 3251 1135 3313 praepositionis
1153 3266 1203 3299 non
1219 3249 1350 3299 intellexit.

808 3328 936 3378 Bentleius
952 3330 998 3377 hac
1014 3331 1141 3378 occasione
1155 3345 1227 3389 usus,
1237 3330 1351 3378 emendat

809 3407 883 3457 Statii
900 3406 959 3456 Silv.
977 3407 1012 3455 Π.
1029 3422 1046 3455 1.
1066 3409 1120 3459 171.
1139 3409 1180 3455 Ta
1191 3410 1261 3457 moda
1271 3410 1350 3471 fam

809 3487 878 3534 hami
895 3488 972 3534 larem
989 3487 1113 3535 aversaris
1129 3487 1251 3549 iniquam.
1273 3487 1351 3536 Naar

808 3571 894 3614 termas
908 3567 1008 3629 par-iter
1025 3571 1103 3614 aester
1118 3571 1144 3614 et
1161 3570 1265 3628 pectora
1280 3581 1347 3613 ram-

221 3653 313 3708 tibaar,
338 3651 410 3714 idque
436 3650 508 3698 alteri
533 3649 631 3697 lectioni
656 3647 761 3696 multum
805 3647 860 3707 pie,
902 3646 1061 3707 Dtlectosque
1099 3647 1194 3707 manis
1225 3646 1293 3694 ιηόω
1324 3651 1350 3694 et

222 3728 341 3787 antefert,
356 3729 414 3791 quia
430 3729 599 3789 praelambere
614 3741 663 3775 non
681 3728 761 3775 estof-
801 3725 905 3788 sripida
924 3727 1013 3773 lanitia
1040 3726 1142 3774 Oscula.
1168 3724 1275 3788 Apage,
1302 3724 1349 3781 ait,

222 3808 304 3856 ticiose
325 3817 349 3856 et
370 3805 496 3855 verniliter
520 3807 694 3867 ministrantis,
720 3808 761 3854 sed
807 3806 870 3854 illud
901 3807 1006 3865 lambis,
1036 3804 1134 3854 foedum
1165 3808 1232 3855 enim
1259 3814 1284 3855 et
1309 3807 1347 3854 in·

222 3890 326 3952 dignum
353 3887 456 3951 colapho
481 3887 604 3945 facientis,
629 3889 687 3950 quia
711 3903 761 3936 non
808 3885 946 3933 honesturn.
981 3884 1041 3934 Sine
1056 3886 1130 3934 dubio
1145 3886 1292 3949 legendum,
1318 3889 1348 3934 li·

222 3968 528 4031 significatpraepastare,
545 3972 570 4013 et
586 3980 707 4028 nusquam
717 3967 761 4014 ali·
808 3967 852 4014 bas
869 3968 960 4015 ascula.
987 3965 1110 4028 Equidem
1127 3966 1178 4014 fere
1194 3980 1244 4013 uon
1256 3965 1348 4023 dubito,

223 4048 249 4096 bi
260 4048 372 4104 occurrit,
389 4045 436 4094 nisi
451 4046 482 4093 de
498 4044 573 4093 fluvio
590 4044 689 4093 alveum
700 4045 761 4093 lam·
808 4046 868 4108 quin
884 4046 1017 4108 legendum
1028 4045 1072 4092 sit:
1087 4046 1247 4106 Diteetosqae
1256 4047 1348 4106 premis

223 4128 295 4175 bente
307 4134 331 4175 et
342 4127 450 4175 rodente.
467 4125 623 4188 Respondes:
639 4124 763 4187 Exempla
808 4126 876 4173 abas
892 4131 917 4172 et
926 4125 1029 4187 sriptda
1045 4125 1124 4171 labris
1159 4125 1258 4172 Oscula.
1287 4123 1347 4171 Pre-

223 4206 352 4256 Prudeutii
369 4212 393 4255 et
409 4203 504 4254 Avieni
520 4202 607 4251 saltem
623 4204 762 4262 ostendunt,
808 4202 854 4251 mis
881 4201 964 4249 oculos
988 4208 1012 4249 et
1032 4215 1059 4247 os
1078 4201 1170 4249 mortui
1194 4201 1269 4250 labris
1292 4203 1347 4258 tuis,

224 4301 277 4334 esse
293 4285 396 4334 verbum
412 4298 459 4331 usu
474 4281 613 4344 cognitum,
630 4296 731 4344 eosque,
742 4283 763 4330 si
808 4282 892 4330 oculos
908 4289 975 4329 etos
990 4280 1081 4327 mortui
1097 4279 1222 4328 oscularis.

224 4380 273 4414 non
290 4364 362 4420 alibi,
388 4363 454 4427 quod
478 4362 523 4408 vix
546 4361 659 4410 credibile
675 4369 719 4418 est,
736 4362 762 4410 in
834 4361 985 4410 Doderliuns
1002 4364 1074 4421 putat
1090 4360 1219 4408 annilaer
1232 4366 1256 4407 et
1275 4375 1349 4422 prae·

223 4445 330 4494 Horatio
350 4443 435 4491 saltem
457 4440 554 4490 vidisse.
589 4440 764 4492 Praelamtere
808 4441 919 4488 lambens
935 4440 966 4486 ad
982 4438 1080 4486 laudem
1097 4438 1175 4485 muris
1189 4438 1279 4487 urbani
1294 4455 1349 4503 per-

224 4541 275 4574 non
291 4533 328 4574 est
344 4529 419 4573 antea
436 4525 553 4581 lambere,
569 4522 611 4570 sed
629 4519 720 4582 aliquid
737 4521 763 4568 in
809 4520 894 4567 tinore.

1132 4601 1169 4661 ll
