3542 5634
420 578 462 638 22
816 565 1168 634 SATIRARUM

466 760 619 842 Rectius,
642 764 740 845 atque
760 758 861 823 etiam
880 756 999 821 melius
1016 775 1170 841 persaepe
1191 758 1322 838 togatae
1342 761 1401 820 est.

461 862 558 928 Adde
580 863 644 927 huc
667 862 755 947 qnod
777 881 919 925 meroem
943 858 1014 924 sine
1036 857 1120 922 fucis
1143 861 1267 940 gestat,
1292 862 1402 943 aperte

464 965 560 1046 Quod
583 965 699 1030 venale
722 964 821 1029 habet
844 961 1006 1028 ostendit:
1032 981 1109 1042 nec,
1134 959 1162 1024 si
1186 959 1266 1044 quid
1288 960 1420 1026 honesti
1443 965 1507 1044 est,

462 1071 569 1136 Iactat
590 1068 754 1153 habetque
775 1066 904 1152 palam,
928 1064 1055 1150 quaerit
1077 1085 1141 1149 quo
1166 1063 1275 1147 impia
1298 1062 1389 1128 celet

461 1174 607 1258 Regibus
630 1175 684 1240 hic
707 1195 779 1238 mos
803 1178 871 1238 est:
898 1172 954 1236 ubi
978 1191 1077 1255 equos
1101 1175 1304 1252 mercantur,
1329 1175 1457 1255 opertos

463 1277 665 1362 Inspiciunt,
691 1299 752 1359 ne,
778 1276 808 1342 si
829 1275 949 1357 facies,
974 1279 1012 1338 ut
1035 1295 1148 1358 saepe,
1173 1272 1288 1338 decora

458 1377 555 1443 Molli
576 1379 663 1445 fulta
683 1379 767 1465 pede
790 1383 857 1460 est,
882 1382 1041 1443 amtorem
1063 1376 1199 1441 inducat
1221 1375 1390 1458 hiantem,

457 1479 552 1560 Quod
573 1482 729 1567 pulchrae
751 1481 883 1569 clunes,
906 1482 1002 1546 breve
1025 1479 1112 1564 qnod
1135 1483 1250 1563 caput,
1275 1479 1376 1543 ardua
1399 1481 1514 1546 carvin

456 1582 529 1648 Hoc
552 1584 603 1648 illi
625 1590 726 1663 recte;
750 1605 793 1649 ne
814 1583 958 1668 corporis
981 1581 1107 1668 optima
1129 1581 1252 1664 Lyncei

410 1725 495 1788 agitur
520 1728 550 1775 de
571 1726 677 1776 seminis.
711 1727 764 1778 Cur
786 1733 898 1775 uteretur
919 1739 961 1773 ex·
1002 1726 1167 1782 meretricem,
1188 1725 1218 1773 ab
1234 1725 1295 1773 urbe
1312 1724 1554 1794 EuboicaiiKr'ppw-

410 1802 492 1867 emplo
503 1805 585 1867 pueri,
603 1820 660 1855 cum
670 1808 708 1855 nti
719 1806 839 1870 potuisset
849 1803 961 1868 puellae?
1000 1803 1047 1860 θος
1069 1804 1228 1867 appellatam,
1245 1818 1365 1867 agnosco;
1382 1806 1431 1854 nisi
1448 1807 1554 1857 fortasse

410 1881 517 1947 Culpam
542 1900 596 1934 esse
620 1888 693 1935 credo
716 1886 887 1942 librariorum,
909 1899 961 1932 non
1001 1881 1066 1930 dicta
1082 1882 1156 1931 fuerit
1175 1883 1311 1939 Cerialia,
1328 1884 1410 1947 itaque
1426 1888 1552 1950 corrigen-

408 1964 521 2024 Horatii,
537 1966 580 2029 qui
596 1965 700 2015 fortasse
716 1966 825 2029 scripsit:
846 1967 887 2013 Sit
903 1966 960 2013 lieet
1000 1959 1060 2007 dum
1076 1960 1115 2009 sit.
1149 1963 1250 2011 Mulier
1265 1964 1400 2011 sententiae
1411 1964 1459 2012 loci
1469 1967 1552 2030 magis

407 2046 463 2103 hoe,
482 2044 621 2103 Cerintho,
638 2051 718 2094 tucci.
753 2044 826 2093 Licet
837 2043 918 2091 femur
929 2041 960 2090 sit
1000 2041 1141 2102 responden
1157 2056 1249 2090 nomeu
1266 2048 1349 2090 autem
1365 2041 1490 2103 mulieris,
1507 2046 1550 2094 de-

407 2121 553 2180 Gerinthae,
570 2124 683 2187 inprimis
696 2122 860 2172 nobilitatum.
886 2121 959 2182 Quod
998 2118 1082 2167 sinens
1098 2120 1124 2167 in
1142 2123 1199 2170 rsa-i
1213 2135 1264 2169 non
1282 2120 1352 2169 facile
1368 2122 1533 2172 invenietur.“

405 2203 472 2252 idem
498 2202 636 2267 elegantius
662 2204 775 2252 effertur:
801 2202 858 2250 licet
884 2208 959 2251 taam
1034 2199 1120 2256 Ne,si
1131 2199 1261 2260 fericam
1270 2215 1355 2263 saepe,
1365 2203 1454 2250 deeora
1473 2203 1550 2253 Molli

406 2284 454 2339 sit,
475 2297 489 2331 o
508 2282 639 2331 Cerintho.
673 2281 793 2331 Horatius
814 2281 841 2327 in
858 2278 956 2328 Carmi-
992 2278 1069 2340 salta
1085 2280 1147 2340 pede
1164 2285 1207 2327 ear.
1241 2279 1550 2343 Haecitatransponenda

405 2362 479 2409 nibus
490 2361 598 2424 praefert
612 2362 811 2409 terminationem
823 2358 958 2418 Graecam,
999 2369 1051 2403 esse
1068 2355 1184 2406 arbitro&
1201 2373 1244 2415 ne,
1261 2363 1285 2406 82'
1295 2359 1391 2419 satiat,
1414 2365 1443 2406 ut
1459 2374 1547 2424 saepe,

406 2439 558 2502 dixissetque
575 2439 636 2487 adeo
651 2439 783 2498 Cerintho,
800 2439 957 2486 sedinIam-
997 2437 1098 2493 decora
1123 2435 1197 2492 Quod
1216 2438 1336 2497 psalchrce
1356 2439 1440 2485 clunes
1461 2440 1547 2502 breve,

405 2517 456 2575 bis,
474 2516 576 2575 Satiris,
593 2524 618 2566 et
629 2518 748 2580 Epistolis
760 2518 885 2576 Latinam,
897 2532 957 2581 ergo
997 2515 1063 2575 quod
1078 2519 1172 2575 caput,
1185 2515 1267 2562 ardun
1279 2516 1377 2572 cavie,
1388 2516 1548 2578 Mollifulta

406 2596 537 2647 ces-intua,
558 2596 955 2661 confinent1‚adnp0d‚xvll,
994 2593 1127 2652 pareest,
1151 2598 1269 2641 amtorem
1293 2595 1400 2642 inducat
1424 2595 1546 2646 hiantem.

405 2675 443 2726 17.
479 2675 589 2724 Nomina
609 2675 751 2724 huiumed
768 2675 906 2724 famantur
923 2689 955 2724 ex
997 2669 1086 2718 Facies
1103 2669 1208 2718 hicnon
1225 2671 1299 2719 modo
1323 2685 1362 2729 os,
1386 2675 1482 2732 oculos,
1505 2691 1546 2736 ce-

403 2753 557 2811 mascnliuis,
582 2759 611 2799 ut
635 2767 668 2801 ex
691 2755 789 2816 Lycas,
818 2755 895 2816 Lyce,
922 2767 953 2801 ex
995 2748 1473 2812 aaa,nareasignifieat,verumetiam
1482 2753 1546 2804 alias

406 2830 522 2891 Cercius,
530 2831 633 2880 libertus
642 2833 709 2895 apud
720 2832 821 2882 Sueten
830 2832 954 2895 Vesp23,
994 2828 1100 2890 corporis
1122 2835 1217 2891 partes,
1237 2832 1332 2886 clunes,
1354 2827 1444 2891 Capiti,
1466 2835 1546 2880 cervi·

405 2910 514 2968 Geralc,
537 2911 563 2958 in
586 2911 752 2974 Inscriptione
773 2911 838 2973 apud
859 2911 951 2961 Grute-
994 2921 1055 2955 ceos.
1087 2907 1211 2970 Exempla
1240 2908 1307 2957 dedit
1337 2908 1447 2958 Gronov.
1473 2911 1544 2962 Leet.

403 3003 468 3038 rum.
496 2990 606 3039 Caurus
623 2997 660 3038 est
677 2990 804 3054 Κήρυλος.
833 2990 954 3040 Caeciae
994 2983 1103 3033 Piauan.
1124 3001 1148 3048 p.
1170 2986 1190 3034 1.
1225 2986 1311 3034 Facies
1331 2988 1430 3046 decora,
1455 3003 1543 3052 quam-

404 3068 535 3132 spicea,
549 3069 897 3119 herbaaPlinionominatur.
914 3071 953 3119 Aa
993 3062 1116 3112 11811101Ῑί
1132 3065 1193 3127 pade
1211 3064 1284 3124 fiilia,
1307 3074 1426 3116 cmtorcm
1447 3069 1545 3118 inducit

402 3147 495 3210 Virgil.
512 3148 561 3198 IV.
585 3148 678 3211 Georg.
688 3149 732 3199 63.
756 3150 895 3198 Ceriathue
911 3166 952 3198 no·
992 3141 1101 3192 hiantem
1116 3144 1143 3191 in
1159 3142 1211 3193 ⁸⁰12
1228 3145 1300 3203 fecie,
1322 3148 1383 3195 ³⁶00
1403 3154 1432 3195 ui
1452 3149 1542 3210 pedem

401 3227 450 3274 bile
465 3241 576 3287 promen.
609 3226 720 3274 Librarii
736 3227 828 3290 ubique
840 3226 892 3275 fere
903 3233 951 3275 ter-
991 3225 1178 3285 praeter-videat.
1216 3227 1298 3274 croilis
1316 3241 1362 3287 pes
1382 3227 1443 3276 vitio
1464 3229 1542 3278 verti-

401 3303 561 3351 minationem
578 3302 700 3352 Graecam
723 3312 748 3353 et
763 3305 880 3353 Latinam
897 3319 951 3367 per-
991 3307 1043 3360 tur,
1061 3305 1146 3352 mollia
1162 3319 1240 3353 crura
1256 3304 1331 3353 laudi.

400 3382 559 3431 miscuerunt.
584 3383 717 3446 Ingentem
725 3384 897 3448 exemplorum
905 3400 949 3433 nu·
1024 3384 1066 3430 Ne
1089 3385 1201 3445 corporis
1222 3385 1318 3445 optimc
1342 3386 1438 3446 Lyncei
1474 3387 1539 3437 Con·

400 3477 497 3513 mamm
522 3463 645 3526 congessit
671 3462 786 3513 Oudend.
806 3464 838 3510 ad
855 3461 949 3525 Appnl,
990 3462 1107 3522 conplere
1123 3463 1210 3523 oculis,
1229 3464 1352 3525 Hypsaea
1369 3467 1465 3514 cacabi·
1481 3469 1543 3526 illa,

400 3541 504 3591 Metam.
522 3559 546 3606 p.
569 3542 609 3590 96.
634 3557 670 3606 sq.
704 3542 754 3603 Qui
779 3541 819 3590 hic
843 3541 951 3589 mutavit
993 3538 1065 3595 cuca
1086 3541 1155 3587 mala
1175 3544 1249 3597 aeni,
1270 3547 1370 3602 spectes.
1408 3541 1537 3594 Bentleius

403 3619 528 3668 Cerintho
544 3621 571 3667 in
591 3619 722 3677 Cerintho,
735 3618 838 3667 fortasse
847 3627 951 3669 noverat
988 3622 1054 3664 recte
1070 3617 1222 3665 emendavit:
1251 3619 1292 3666 Τιι
1311 3623 1425 3681 corporis
1440 3625 1539 3685 optima

400 3698 551 3746 cerinthum
566 3695 637 3745 illum
647 3696 767 3758 Sulpitiae
778 3696 950 3759 Tibullianae‚
989 3696 1084 3758 Lyncei
1103 3697 1279 3759 Contemplare
1296 3701 1389 3759 ocular
1410 3703 1537 3764 Hypsaea

398 3774 440 3824 vel
459 3790 510 3824 non
535 3775 665 3838 cogitavit,
690 3773 711 3822 si
739 3774 860 3824 Cerintho
885 3786 949 3826 esset
988 3776 1092 3832 caecior,
1107 3777 1154 3823 illa
1175 3777 1247 3834 Quae
1263 3778 1332 3825 mala
1347 3784 1535 3842 suntspectae.

394 3857 495 3915 puella,
512 3854 625 3903 ultimam
636 3853 744 3917 produci.
778 3852 889 3901 Hancin
904 3856 948 3906 Ce-
986 3851 1145 3916 Quamquam
1166 3856 1213 3902 illa
1234 3855 1266 3902 ad
1282 3855 1426 3919 Hypsaeum
1442 3859 1535 3910 referre

396 3933 486 3980 riatha
502 3931 602 3995 corripi,
623 3932 760 3982 communis
782 3939 819 3980 est
840 3934 947 3983 erudito·
986 3931 1078 3980 malim.
1119 3932 1150 3980 In
1177 3932 1252 3984 MSS.
1280 3942 1333 3984 erat
1358 3943 1534 4002 contemplare.

397 4025 455 4059 rum
471 4011 601 4060 sententia.
901 4043 908 4052 ·
985 4011 1052 4060 Mihi
1068 4012 1094 4059 iu
1111 4018 1219 4061 mentem
1236 4023 1349 4064 venerat:
1369 4019 1410 4066 Ta
1421 4023 1535 4082 corporis

426 4090 577 4139 Doderlinus
594 4090 665 4154 legit:
681 4094 729 4150 sit,
749 4092 819 4148 licet,
836 4094 880 4140 hoe
899 4092 944 4142 Ce-
984 4093 1080 4154 optima
1101 4093 1196 4153 Lyncei
1214 4091 1389 4156 contemplate
1404 4099 1483 4145 ceula
1500 4126 1533 4136 -

394 4171 480 4220 cintia
496 4177 576 4218 tuam.
610 4172 658 4220 Hic
682 4177 740 4218 tuus
764 4184 817 4219 mos
834 4170 884 4229 sit,
897 4169 943 4220 Ge·
982 4175 1089 4230 apertas.
1127 4169 1182 4232 Tu,
1202 4179 1331 4236 postquam
1353 4175 1532 4238 contemplatus

392 4249 485 4297 rinthe:
503 4249 606 4297 Maneat
622 4251 681 4298 tuus'
696 4264 762 4309 mos,
784 4264 846 4298 orna
866 4256 892 4298 te
908 4250 942 4298 la-
982 4259 1008 4293 es
1025 4247 1129 4310 optima,
1146 4249 1252 4313 negligis
1269 4251 1342 4300 male.
1375 4253 1457 4317 Reges
1473 4270 1530 4304 con-

391 4326 464 4387 pillis.
502 4328 558 4375 Hoc
577 4334 602 4376 tc
622 4330 703 4386 decet,
725 4335 750 4377 et
770 4328 813 4376 tibi
835 4328 942 4390 prodest.
981 4331 1020 4372 tra
1042 4325 1140 4376 faciunt.
1176 4330 1216 4378 Tu
1238 4334 1402 4393 conterminio
1423 4343 1529 4396 spectas,

391 4405 458 4452 Tum
479 4413 593 4454 annotat:
616 4407 662 4466 „In
685 4409 732 4456 hoc
753 4421 799 4469 ego
821 4406 941 4456 Cerintho
981 4418 1026 4466 pro
1043 4410 1238 4469 conteraplatua,
1255 4417 1283 4456 ut
1294 4409 1387 4473 Vir‘gil.
1400 4412 1465 4461 Aen.
1478 4415 1526 4463 IX.

390 4497 435 4531 nce
451 4484 575 4545 pathieum
592 4488 727 4548 quendam,
749 4500 839 4533 nornen
861 4486 941 4544 idem,
981 4484 1036 4533 485.
1073 4488 1133 4536 Heu
1149 4490 1252 4537 canitiae
1269 4492 1327 4538 dcte
1340 4493 1439 4551 praeda
1456 4494 1528 4541 Lati-

389 4563 454 4626 quod
472 4562 604 4613 Corinthus
627 4565 940 4625 Tibulli,gorentem,nee
981 4566 1019 4612 nis
1038 4566 1275 4628 illitibueqaeioces.
1309 4569 1380 4620 conf.
1397 4570 1526 4620 Heindorf.
