3542 5634
640 547 825 610 LIBER
871 549 896 611 I.

240 731 373 816 Siquis
397 751 472 795 eum
497 751 645 812 servum,
669 732 819 815 patinam
843 732 900 817 qui
924 732 1038 801 tollere
1063 733 1189 818 iussus,

240 834 390 899 Semesos
413 832 519 918 pisces
543 832 755 918 tepidumque
778 833 958 918 ligurrierit
981 835 1051 917 ius,

239 937 280 1000 In
303 958 397 1002 cruce
419 935 570 1021 suffigat,
595 935 745 1000 Labeone
768 936 914 1002 insanior
937 936 1022 1003 inter

240 1039 345 1105 Sanos
369 1038 504 1103 dicatur.
554 1037 684 1118 Quanto
707 1038 768 1102 hoc
791 1038 947 1104 furiosius
971 1046 1069 1126 atque

239 1141 348 1206 Maius
371 1147 543 1226 peccatum
566 1142 634 1206 est!
682 1142 838 1205 Paullum
854 1142 1002 1233 ¹deliquit
1024 1143 1167 1226 amicus,

240 1243 334 1324 Quod
358 1243 425 1308 nisi
447 1244 625 1328 concedas,
649 1245 787 1310 habeare
810 1244 977 1327 insuavis,
1003 1247 1152 1323 acerbus3

239 1347 349 1414 Odisti
371 1353 406 1412 et
428 1346 535 1432 fugis,
561 1353 598 1411 ut
622 1348 790 1413 Rusonem
812 1348 940 1414 debitor
963 1348 1065 1432 aeris,

240 1443 306 1530 Qui
326 1449 410 1533 nisi,
436 1471 538 1535 quum
562 1450 672 1516 tristes
696 1450 816 1516 misero
838 1473 954 1516 venere
977 1452 1151 1534 calendae,

238 1553 420 1618 Mercedem
443 1561 502 1618 aut
525 1575 677 1619 nummos
700 1554 788 1619 unde
811 1555 898 1621 undo
923 1555 1076 1638 extricat,
1101 1576 1227 1620 amaras
1291 1599 1295 1608 ·

238 1656 390 1721 Porrecto
413 1656 527 1741 iugulo
549 1657 702 1722 historias
726 1658 876 1742 captivus
900 1667 938 1724 ut
961 1658 1062 1724 audit.

191 1897 196 1902 .
226 1851 258 1899 82·
272 1851 328 1912 quis
343 1865 399 1898 eune
414 1865 521 1898 ennam.
554 1849 640 1898 Multo
655 1851 743 1898 melius
784 1854 852 1900 iuret
867 1855 976 1902 Orestes.
1005 1852 1092 1900 Horat.
1106 1849 1333 1902 Setir.II.111.40.

191 1929 255 1986 mibi
271 1928 382 1976 videtur:
410 1929 440 1976 si
464 1928 523 1990 quis
547 1933 612 1976 enies
637 1944 741 1981 mouere.
783 1925 892 1980 Inienos
908 1933 952 1994 qui
967 1933 1034 1980 inter
1051 1947 1152 1980 rereare
1167 1933 1274 1979 insanas
1290 1930 1334 1976 ba·

192 2009 300 2070 Iagitur
325 2007 425 2069 quidem
449 2007 476 2054 in
501 2006 573 2054 nullo
600 2005 658 2056 MS.
691 2006 742 2056 Sed
784 2012 845 2058 beri.
880 2011 936 2058 Iam
957 2010 1003 2058 ille
1028 2012 1130 2070 Quanto
1152 2013 1195 2060 hoc
1205 2008 1336 2070 serrtose'us

195 2094 248 2135 tota
264 2086 381 2134 orationis
399 2085 479 2133 forma
496 2085 612 2147 postulat.
783 2094 859 2149 etque
869 2091 903 2136 M
902 2092 958 2136 ntus
966 2096 1094 2150 peccatum
1103 2096 1142 2138 est
1152 2102 1246 2144 omnes,
1258 2100 1334 2148 qnan-

225 2167 339 2214 Ledeone
355 2166 469 2213 insanior
486 2168 555 2214 inter
573 2165 655 2212 Senos
671 2165 739 2213 dice-
783 2172 836 2213 tum
863 2167 935 2224 novi,
966 2182 1021 2214 cum
1048 2167 1209 2230 sequentibus
1231 2166 1333 2214 coniun-

191 2251 245 2292 tnr.
265 2244 555 2306 Quantobocfuriostns
565 2249 642 2305 atque
652 2242 743 2290 Maius
783 2254 860 2308 gunt,
877 2246 1002 2310 Cruquius
1020 2254 1149 2310 propterea
1165 2260 1262 2311 quoque
1280 2248 1331 2301 boc,

189 2329 323 2386 poeeatnm
339 2327 388 2372 est!
423 2323 551 2372 Bentleius
568 2321 669 2384 corrigit
687 2322 739 2368 La·
783 2327 848 2387 quod
872 2326 898 2372 in
924 2325 985 2374 Cod.
1011 2325 1103 2374 Blend.
1126 2326 1258 2374 delendum
1281 2338 1334 2372 esse

191 2406 270 2452 diersa.
304 2401 429 2452 Gesnerus
444 2403 536 2466 optime
554 2401 684 2463 vulgatum
701 2401 741 2448 de·
783 2420 826 2466 per
843 2405 980 2467 subscripta
995 2412 1087 2466 puncta
1103 2405 1237 2462 indicetur,
1255 2403 1335 2462 delet,

191 2480 277 2530 tendit.
319 2483 353 2531 Iit
385 2481 584 2531 commentator:
618 2479 741 2538 „Martius
782 2491 806 2531 et
823 2490 934 2546 apertam
946 2483 1093 2531 sententiam
1104 2484 1177 2532 dicit:
1190 2483 1270 2531 multo
1281 2497 1334 2531 esse

191 2560 319 2608 Antistius
330 2560 416 2609 Labeo
426 2561 581 2623 iurisperitus
592 2563 742 2607 memoratae
783 2563 900 2611 furiosius
922 2563 1001 2611 odisse
1023 2563 1130 2610 amicum
1152 2570 1177 2610 et
1200 2561 1298 2624 fugere,
1315 2562 1335 2611 si

192 2638 325 2695 libertatis,
347 2639 427 2687 multa
447 2639 524 2687 libere
546 2644 631 2686 conus
653 2635 742 2685 Caesa·
782 2641 895 2703 paullum
918 2641 1034 2706 deliquit.
1059 2655 1133 2706 quem
1155 2653 1255 2688 servum
1276 2654 1333 2704 pro·

192 2731 246 2764 rem
262 2718 354 2766 dixisse
375 2726 401 2766 et
422 2717 507 2766 fecisse
527 2717 630 2774 dicitur,
657 2715 689 2762 ab
713 2730 742 2764 eo
782 2727 837 2782 pter
860 2720 1042 2784 ligurritionem
1068 2720 1155 2769 tollere
1178 2721 1204 2768 in
1229 2732 1334 2768 crucem.

192 2795 257 2844 lates
273 2797 342 2860 leges
358 2796 535 2846 contumaciter
546 2796 741 2858 reprehendens:
784 2800 834 2849 Sed
856 2800 974 2849 Horatius
996 2807 1091 2849 renam
1113 2799 1284 2848 crudelitatem
1301 2801 1336 2848 sic

191 2889 269 2938 quare
286 2875 312 2923 in
329 2876 435 2938 gratiam
447 2875 557 2937 Augusti
569 2889 625 2923 eum
638 2874 678 2921 hic
689 2888 741 2921 osr-
783 2878 847 2928 ferre
863 2893 914 2928 non
935 2886 1042 2942 poteret,
1068 2887 1096 2927 ut
1121 2879 1172 2928 fere
1197 2886 1333 2928 excusaret.

190 2954 242 3016 pit,
259 2963 283 3004 et
300 2955 416 3003 insanum
430 2954 566 3002 nominat·“
599 2953 631 3000 In
647 2953 686 3000 hit
697 2967 742 3015 pro
783 2959 852 3006 Haec
873 2973 916 3018 eo,
941 2958 968 3006 ni
990 2957 1076 3016 fallor,
1102 2965 1183 3007 essent
1206 2958 1334 3020 digniora:

191 3035 311 3082 Martias
325 3032 459 3094 legendum
476 3032 585 3080 Merme
602 3032 742 3087 Antistius,
784 3037 896 3084 Labeone
912 3038 1026 3084 insanior
1037 3037 1106 3084 inter
1123 3038 1234 3085 Insanos
1245 3038 1330 3085 dicat:

190 3127 238 3176 pro
249 3116 400 3161 summotae
410 3116 493 3157 antem
502 3110 687 3157 immoderatae.
711 3108 743 3155 In
783 3115 908 3172 „Qmmto
931 3116 974 3162 troc
991 3114 1121 3174 furiosius
1143 3121 1218 3177 etque
1242 3116 1335 3162 Metus

191 3193 294 3240 Acrone
302 3202 398 3252 qnoque
406 3187 472 3234 mele
482 3187 574 3249 legitur
586 3193 742 3235 memoratae.
782 3194 991 3253 peccetnmest!“
1017 3192 1100 3240 Homo
1111 3193 1151 3240 vel
1161 3192 1333 3242 insanissimus

190 3271 301 3320 Videtur
326 3280 422 3330 qnoque
444 3279 561 3328 responsa
582 3265 677 3313 dedisse
702 3279 740 3313 se·
782 3269 809 3316 in
825 3269 908 3316 medio
918 3269 1062 3316 insanorum
1074 3271 1264 3332 approbantium
1275 3284 1331 3320 ron·

191 3351 302 3398 cundum
324 3347 461 3396 doctrinam
484 3345 623 3394 Stoicorum
639 3347 669 3393 de
691 3361 742 3394 uno
782 3354 860 3395 ventu
875 3347 980 3395 diceret:
1006 3347 1062 3396 Hoc
1086 3348 1234 3411 supplicium
1259 3349 1334 3413 longe

191 3430 247 3478 solo
267 3435 375 3492 peceato.
408 3424 458 3474 Sed
480 3424 541 3487 quid
556 3426 659 3472 dicetur
675 3426 742 3474 inter
783 3426 899 3474 furiosius
908 3433 954 3485 est,
963 3431 1038 3490 quam
1046 3430 1332 3490 peccatumservimaiue

191 3511 280 3558 sanos?
322 3507 448 3556 Gesnerus
475 3510 602 3565 comperet
629 3502 741 3553 ciceron.
783 3512 828 3554 est.
870 3505 938 3566 Quid
962 3519 1006 3553 nos
1032 3505 1150 3554 facimust
1184 3507 1212 3558 Si
1239 3509 1333 3557 amiens

192 3584 454 3652 proRoscAmerino
463 3583 501 3631 12
529 3583 663 3630 Hominem
673 3586 743 3645 tonos
782 3583 896 3645 paullum
913 3583 1030 3646 deliquit,
1051 3599 1108 3633 eum
1130 3586 1227 3635 odimus
1249 3593 1274 3636 ot
1296 3587 1333 3636 su.

176 3668 392 3716 emodenorum
412 3677 494 3723 nuper
516 3662 649 3710 habuimus
664 3663 692 3709 in
708 3663 742 3711 et-
784 3662 874 3724 gimus.
896 3661 980 3713 ,Idem
997 3676 1058 3726 ergo
1075 3663 1190 3724 facimus,
1207 3665 1334 3714 levedeli·

192 3748 274 3795 vitate
299 3744 328 3792 0.
348 3744 502 3801 Finitriem,
523 3748 563 3801 et,
587 3742 653 3804 qaod
675 3742 743 3790 inter
783 3748 851 3788 ctum
862 3743 1333 3809 magnepoenasfficnnusquasiom-

191 3838 276 3874 omnes
292 3826 399 3878 emet,
415 3822 468 3868 nise·
484 3822 552 3868 inter
568 3835 615 3876 eos,
632 3824 677 3882 qni
692 3823 743 3882 ipsi
782 3821 825 3867 nia
841 3827 940 3882 peccata
951 3824 1168 3885 essentsequalia,
1182 3831 1207 3874 et
1218 3825 1333 3888 aequales

192 3917 291 3966 quoqne
305 3902 454 3957 insoniunt,
469 3901 666 3948 insanissimam.
700 3901 742 3949 Iu·
783 3913 874 3961 poenas
886 3906 1021 3962 poscerent.
1045 3905 1128 3965 Atque
1139 3917 1270 3966 proquam
1282 3905 1333 3952 Ho-

192 3980 298 4029 dicsndo
313 3979 413 4036 sceleri,
435 3979 501 4042 quod
522 3978 642 4026 Horatius
658 3980 742 4042 exagi-
784 3979 847 4026 ratio
863 3977 986 4040 frequens.
1005 3978 1079 4028 Satir.
1097 3980 1118 4029 1.
1135 3995 1164 4030 11.
1181 3983 1222 4031 22,
1239 3987 1269 4029 nt
1285 3997 1335 4030 non

192 4067 243 4118 tat,
264 4058 343 4107 maior
360 4058 470 4105 insaniae
485 4056 636 4120 significatio
652 4058 743 4106 melius
783 4071 810 4105 se
831 4059 906 4118 peius
933 4059 1086 4106 mactaverit
1112 4066 1188 4122 etque
1214 4062 1260 4109 bic.
1294 4059 1334 4108 De

192 4139 349 4194 conveniret,
370 4137 404 4195 si,
430 4136 472 4199 qui
494 4150 596 4183 servum
616 4137 651 4185 ita
671 4139 743 4200 puni·
783 4137 951 4198 comparativo
967 4143 1026 4198 post¹
1038 4139 1233 4200 comparativum
1249 4139 1335 4201 posito,

193 4220 282 4276 visset,
297 4216 414 4266 Labeone
430 4215 539 4263 insanior
551 4214 634 4262 veleb
645 4218 744 4265 tersenis
782 4229 834 4263 non
860 4221 897 4262 est
922 4229 967 4262 our
991 4215 1078 4264 dicam.
1104 4216 1161 4265 Lis.
1184 4215 1218 4266 V.
1235 4219 1275 4266 43.
1291 4220 1336 4280 qne·

193 4299 323 4348 diceretur.
355 4296 438 4346 Maior
458 4295 557 4358 quidem
574 4294 664 4343 furoris
687 4311 742 4360 gre·
784 4295 839 4342 atte
855 4294 920 4342 belle
930 4293 1031 4355 fortias
1041 4310 1137 4357 semper
1148 4311 1224 4358 quem
1229 4294 1336 4358 feliciss
1435 4303 1440 4314 “

193 4380 240 4427 dns
256 4376 352 4426 ostendi
371 4390 423 4424 non
443 4381 548 4438 poterat.
580 4374 621 4422 Its
641 4373 743 4423 Persius
783 4373 921 4436 cessasent.

195 4459 270 4508 Satis.
286 4457 337 4506 III.
357 4456 412 4508 117.
428 4455 540 4516 dirisque
549 4451 668 4516 facisque
679 4455 746 4516 quod
818 4455 943 4502 Porrecto
959 4454 1044 4516 iuqelo
1067 4454 1200 4511 tentoriae,
1222 4456 1338 4517 captivus

193 4538 249 4600 ipse
275 4537 335 4586 Non
350 4535 407 4583 soni
423 4534 744 4583 essehomine'snonsenus
786 4539 829 4589 et,
847 4535 931 4581 audit.
967 4533 1085 4595 Porriqit
1107 4534 1234 4596 inquiam,
1250 4534 1293 4596 qui
1310 4547 1336 4581 sc

1159 4615 1204 4676 3.
