3542 5634
633 547 814 612 LIBER
860 547 903 612 ΙΙ.

253 738 364 805 Veloci
384 758 532 824 percurre
555 738 656 803 oculo.
704 738 901 823 Plerumque
925 740 1069 801 recoctus

253 841 363 908 Scriba
386 865 426 907 ex
448 842 660 928 quinqueviro
684 865 817 909 corvum
839 841 972 908 deludet
993 839 1161 920 hiantem,

253 946 470 1033 Captatorque
493 947 586 1013 dabit
607 947 692 1013 risus
715 947 835 1013 Nasica
858 945 1020 1012 Ocran0.“

251 1049 363 1134 „Num
385 1050 483 1134 furis,
507 1073 549 1115 au
571 1051 713 1135 prudens
736 1051 824 1116 ludis
845 1071 899 1116 me
922 1049 1057 1114 obscura
1079 1033 1265 1111 canend0?“

251 1153 303 1236 „O
326 1154 513 1238 Laertiade,
537 1155 696 1241 quidquid
718 1155 842 1239 dicam,
867 1159 925 1220 aut
947 1153 1009 1219 erit
1031 1154 1198 1217 autnon:

251 1257 405 1323 Divinare
428 1259 549 1324 etenim
572 1281 711 1344 magnus
735 1259 819 1324 mihi
841 1260 943 1324 donat
966 1255 1120 1343 Apollo.“

250 1359 360 1442 „Quid
382 1367 492 1427 tamen
514 1362 580 1428 ista
602 1363 682 1428 velit
705 1362 769 1429 sibi
791 1362 919 1445 fabula,
944 1359 1087 1441 silicet,
1111 1355 1203 1422 ede.“

250 1464 442 1549 „Temp0re,
466 1487 530 1551 quo
552 1465 679 1532 iuvenis
703 1465 833 1531 Parthis
856 1464 1053 1545 horrendus,
1077 1461 1119 1526 ab
1142 1458 1208 1524 alto

249 1567 438 1633 Demissum
460 1591 564 1655 genus
587 1570 716 1654 Aenea,
740 1570 857 1636 tellure
878 1569 1025 1654 marique

249 1672 391 1757 Magnus
415 1673 492 1757 erit,
516 1673 594 1739 forti
617 1675 719 1740 nubet
740 1696 872 1759 procera
895 1673 1021 1740 Corano

247 1775 335 1840 Filia
357 1776 512 1860 Nasicae,
535 1777 712 1843 metuentis
735 1777 867 1843 reddere
890 1777 1029 1842 soldum.

246 1878 329 1943 Tum
351 1901 451 1966 gener
471 1881 532 1946 hoc
555 1881 671 1946 faciet:
695 1881 824 1946 tabulas
848 1901 957 1946 socero
979 1877 1072 1944 dabit
1093 1883 1209 1960 atque,

247 1983 294 2049 Ut
316 1983 426 2070 legat,
450 1985 563 2051 orabit.
610 1985 755 2050 Multum
778 1984 899 2050 Nasica
922 1988 1057 2069 negatas

243 2087 396 2172 ¹Accipiet
418 2090 568 2172 tandem,
591 2093 625 2155 et
647 2088 767 2153 tacitus
790 2088 893 2173 leget,
917 2087 1126 2171 invenietque

246 2191 305 2254 Nil
329 2191 393 2257 sibi
414 2192 579 2278 legatum,
603 2195 730 2276 praeter
752 2191 895 2276 plorare,
919 2190 1060 2276 suisque.

247 2293 338 2359 lllud
360 2296 401 2361 ad
424 2297 502 2362 haec
525 2296 639 2361 iubeo:
663 2293 780 2360 mulier
803 2293 831 2360 ei
855 2292 940 2359 forte
961 2292 1075 2358 dolosa

247 2398 440 2465 Libertusve
463 2421 574 2465 senem
590 2397 730 2464 delirum
752 2402 931 2483 temperet,
955 2396 1023 2462 illie

245 2501 390 2568 Accedes
415 2503 539 2582 socius,
563 2503 694 2585 laudes,
718 2501 860 2566 lauderis
884 2506 924 2566 ut
943 2502 1070 2567 absens.

246 2605 393 2671 Adiuvat
415 2607 476 2671 hoc
500 2627 642 2692 quoque,
667 2605 724 2671 sed
746 2605 852 2670 vincit
873 2605 971 2697 longe
992 2603 1084 2690 prius
1104 2603 1217 2688 ipsum

238 2743 347 2792 Corvum
363 2745 462 2792 deludet
473 2743 592 2792 biaciam.
625 2742 658 2791 In
671 2742 746 2794 Scho-
787 2757 840 2791 ron.
857 2742 887 2790 de
903 2742 967 2790 Fato
982 2741 1032 2791 VI.
1065 2741 1140 2790 Adde
1155 2740 1293 2790 Lucianam
1310 2741 1336 2789 in

108 2865 110 2892 3
203 2820 235 2870 lic
251 2822 360 2872 Acronis
376 2830 401 2871 et
420 2823 481 2872 haec
501 2823 630 2886 leguntur:
653 2823 748 2881 „Recte
789 2822 912 2885 Philopat.
932 2823 969 2872 15.
991 2828 1016 2870 et
1031 2821 1069 2872 16.
1086 2820 1128 2883 qul
1145 2821 1336 2884 disputationem

203 2901 265 2949 dixit
287 2915 390 2950 corvum
407 2902 465 2966 quia
480 2902 600 2950 morsibus
616 2903 748 2964 pascitur.“
789 2901 824 2950 ita
847 2902 984 2950 concludit:
1009 2904 1084 2951 reiro
1109 2899 1179 2966 κᾴγώ
1210 2900 1338 2960 πολλάκις

204 2979 318 3046 Panlyus
339 2984 461 3030 naorsibua
481 2994 539 3028 cum
559 2981 631 3043 signo
647 2982 748 3028 interro
791 2978 1332 3045 προύμαντευσάμην.ἐὰνκτάνῃςτὸνπλη·

204 3062 310 3122 gationis
328 3061 411 3116 edidit,
428 3055 552 3117 dubitans,
569 3061 649 3117 credo,
666 3074 698 3107 an
716 3061 750 3107 ita
790 3059 862 3117 σίον,
886 3058 1061 3122 θανατωθὴσῃ
1090 3059 1164 3120 παρὰ
1181 3059 1229 3116 τῆς
1255 3055 1336 3116 δίκης.

204 3141 233 3188 ab
249 3142 353 3192 Acrone
363 3140 481 3201 scriptum
493 3139 531 3186 sit.
558 3137 749 3201 Scripsit,putc:
791 3136 854 3186 eiii
871 3137 949 3202 γεμὴ
965 3139 1041 3185 τοῦτο
1063 3134 1171 3198 πράξῃς,
1194 3134 1338 3198 pacequ-

205 3223 312 3271 mortaic
337 3222 461 3281 pascitur.
495 3219 613 3268 Fortasse
637 3217 750 3280 Paulyus
790 3216 850 3274 λῶς.
884 3214 1033 3265 Coniectura
1052 3213 1198 3262 Eichstadii:
1220 3227 1235 3261 c
1257 3214 1338 3262 Lacr·

205 3299 266 3348 haec
282 3306 307 3349 et
323 3299 373 3348 alia
389 3298 530 3347 emendavit
545 3297 572 3345 in
592 3299 751 3357 Quaestioni-
791 3297 872 3354 tecue,
896 3296 1018 3357 quidquid
1032 3295 1128 3350 dicam,
1144 3298 1192 3340 cai
1207 3294 1274 3350 erit,
1290 3298 1338 3341 cai

205 3383 250 3430 bus
270 3379 376 3428 Cretica
391 3380 421 3428 de
438 3381 546 3428 Amcnia
560 3378 751 3440 etPorpbyrio·
791 3391 840 3425 aaa
868 3376 992 3423 Divinare
1016 3373 1079 3420 iiiiii
1105 3385 1210 3433 mamus
1234 3371 1338 3419 deviavit

204 3462 245 3508 nia
268 3459 463 3508 Commentariis
485 3458 655 3515 ltloraiicm's,¹
677 3469 751 3518 quem
793 3455 941 3516 Apolic,est
949 3452 1049 3515 quidem
1057 3449 1257 3512 ingeniosa‚sed‚
1265 3456 1336 3513 puto,

205 3537 317 3588 libellum
333 3553 384 3586 non
400 3537 458 3586 vidi.
491 3535 600 3585 Pulchre
620 3533 751 3583 Commen-
791 3533 873 3581 minus
890 3538 988 3580 acutam
998 3529 1145 3580 sententiam
1156 3529 1242 3597 habet,
1258 3544 1335 3592 quam

206 3625 283 3666 tator:
304 3617 424 3676 „Nasica,
448 3621 473 3663 et
494 3614 635 3678 quicunque
655 3613 751 3661 inhiant
792 3612 914 3674 scriptura
929 3609 1039 3674 vulgata.

207 3699 283 3746 morti
299 3696 407 3752 alienae,
424 3695 514 3744 amissa
530 3695 621 3757 praeda
631 3693 699 3742 corvi
710 3708 751 3742 ve
825 3690 977 3740 Doderlinus
1002 3692 1190 3752 interpretatur:
1219 3688 1338 3753 quidquid

208 3785 295 3825 cantur
311 3775 402 3836 delusi;
419 3789 470 3823 non
481 3774 565 3823 minus
576 3773 643 3822 enim
655 3773 752 3821 senibus
793 3771 873 3821 dicam
890 3771 942 3820 fore
958 3778 1001 3820 aut
1016 3785 1069 3819 non
1084 3768 1149 3827 fore,
1171 3768 1225 3818 erit
1258 3769 1339 3819 Hora·

208 3855 304 3906 inhiant
320 3857 351 3906 ob
368 3855 478 3911 divitias,
495 3868 569 3917 quam
580 3855 649 3902 corvi
660 3862 752 3902 sectan-
792 3853 854 3911 tius,
870 3859 939 3916 puto,
955 3851 1067 3900 Tiresiae
1082 3863 1213 3913 personam
1228 3849 1264 3896 ita
1279 3846 1339 3896 ridi·

208 3945 248 3984 tur
264 3935 409 3984 cadavera.“
793 3933 875 3982 culam
895 3931 983 3988 finxit,
1000 3938 1040 3990 ut,
1062 3943 1112 3992 quo
1131 3929 1192 3993 quid
1213 3927 1339 3977 scurrssius

245 4017 375 4078 Quidquid
390 4017 485 4073 dicam,
507 4020 553 4062 aui
569 4015 619 4062 erit
635 4019 682 4061 aut
698 4028 753 4071 aon,
793 4013 886 4060 dictum
910 4011 955 4069 sit,
985 4024 1015 4058 eo
1038 4009 1119 4070 magis
1150 4022 1183 4057 ex
1206 4021 1249 4056 ore
1273 4006 1344 4056 illins

210 4097 285 4146 Recte
301 4095 351 4142 iam
368 4092 565 4144 commentator:
583 4092 753 4150 „Autverum
792 4092 881 4140 exiisse
897 4091 1018 4138 videmur.
1236 4100 1239 4104 ·

210 4175 302 4231 dicam,
324 4182 367 4223 aut
386 4174 499 4223 mentiar.
532 4173 631 4222 locatur
651 4172 678 4218 in
702 4186 754 4218 am·
831 4171 918 4217 Vincit
939 4169 1009 4230 lance
1035 4167 1109 4228 prius
1139 4167 1223 4227 ipsam
1249 4164 1339 4225 Erpa-

210 4253 286 4317 bigua
301 4269 418 4318 responsa
434 4260 534 4314 vam,
551 4251 654 4300 irridens
675 4251 754 4314 Apol·
793 4265 871 4312 qnare
886 4252 972 4310 ceput.
996 4245 1116 4296 Horatius
1126 4245 1187 4293 lusit
1196 4245 1222 4293 in
1231 4242 1340 4305 imagine

211 4330 285 4382 linem
302 4333 406 4384 Satirico
421 4337 513 4381 more.“
546 4331 587 4380 Ita
603 4344 699 4392 quoque
715 4344 754 4377 ac·
794 4328 862 4376 urbis
878 4325 1070 4390 oppugnandae,
1087 4338 1150 4388 quae
1171 4331 1242 4372 caute
1272 4322 1341 4370 adita

212 4420 308 4475 ceperat
324 4413 474 4468 Lambinus,
491 4421 516 4459 et
533 4409 659 4472 eleganter
675 4410 753 4472 expli·
795 4413 960 4470 expugnatur.
1001 4403 1127 4453 Lucianus
1152 4404 1183 4450 de
1208 4401 1341 4452 calumnia

212 4493 277 4540 cavit
293 4492 429 4540 Bentleius.
461 4489 668 4555 Wyttenbachius
689 4504 754 4538 oom-
797 4487 834 4537 19.
862 4486 966 4534 eandem
982 4483 1116 4546 imaginem
1143 4481 1226 4545 pinxit
1253 4481 1284 4531 de
1301 4495 1340 4530 ca·

213 4572 308 4633 paravit
324 4586 380 4620 cum
397 4579 454 4620 vate
470 4571 597 4618 dialectico
608 4570 673 4632 apud
686 4567 754 4618 Cice·
795 4565 945 4616 lumniatore
969 4571 1063 4613 astuto:
1097 4563 1212 4626 καθάπερ
1242 4563 1292 4626 γὰρ
1316 4560 1345 4609 lv

1172 4645 1214 4707 10
