3542 5634
405 561 467 622 liiii

404 744 447 791 ria
462 742 574 798 comitio,
597 741 666 789 tomo
687 755 749 801 non,
773 755 850 802 quom
875 742 921 788 isti
943 747 1016 801 cunt,
1037 743 1172 804 qur-tarra,
1191 746 1309 794 renidens
1325 747 1489 795 condimentis
1505 749 1546 796 ait

404 822 553 869 varietatem
569 820 642 867 iliam
658 824 683 868 et
700 821 806 881 rpeciem
817 819 923 882 serinac
937 821 1024 869 carnis
1038 836 1070 870 ex
1086 829 1217 872 nmmeto
1237 838 1282 872 oue
1295 822 1407 886 factam
1440 825 1545 874 Plutar-

406 901 467 949 chus
483 900 509 947 in
525 901 588 949 Vita
604 899 750 948 Flaminini.
769 898 806 949 17.
840 900 1015 957 Δειπνσῦντος
1030 901 1109 950 αὑτοῦ
1129 903 1201 966 παρὰ
1220 904 1258 966 rqi
1273 901 1345 965 ξένῳ,
1363 904 1405 952 rai
1420 903 1544 968 μεμφομέ-

406 996 453 1027 νου
469 979 499 1027 τὸ
516 979 617 1039 πλῆθος
636 982 688 1027 τῶν
704 981 795 1042 κρεῶν,
821 978 863 1025 cai
887 977 1083 1041 θαυμάζοντος,
1109 980 1190 1030 πόθεν
1214 979 1279 1029 οὕτω
1304 982 1422 1042 ποικίλης
1448 982 1547 1047 ἀγορᾶς

407 1058 559 1122 εὐπόρησεν,
578 1056 660 1106 εἰπεῖν
676 1058 722 1106 τὸν
740 1055 823 1117 ξένον,
843 1056 878 1114 ὡς
898 1056 950 1105 ὕεια
967 1057 1057 1107 πάντα
1074 1058 1135 1120 tert,
1156 1062 1190 1123 η’
1204 1060 1324 1124 σκευασίᾳ
1342 1058 1491 1126 διαφέροντα
1503 1062 1547 1110 rai

408 1139 462 1194 τοῖς
476 1135 611 1200 ἡδύσμασι.

456 1216 487 1265 Ρ.
506 1216 560 1267 175.
597 1217 769 1264 Nomentanus
786 1217 894 1264 amicum
930 1217 1047 1264 Tolleret.
1080 1217 1233 1280 Porphyrio:
1250 1218 1391 1276 „'1'olleret,
1408 1218 1491 1281 perita
1501 1218 1547 1266 tol·

408 1295 495 1353 leretf‘
512 1303 537 1344 ct
552 1292 792 1358 ,‚Totleret‚'perire
808 1293 908 1342 tollor.“
942 1295 1056 1358 Paulyus
1072 1296 1151 1359 signis
1166 1296 1282 1344 hennom
1299 1296 1455 1359 significavit.
1483 1297 1546 1346 Por-

410 1374 499 1436 phyrio
515 1374 619 1423 fortasse
635 1376 744 1438 scripsit:
763 1377 904 1434 ,‚Tollcret,
921 1376 1040 1438 erigeret,
1057 1376 1206 1426 solaretur.“

459 1454 490 1503 P.
509 1456 562 1505 176.
596 1453 690 1504 Contra
710 1461 769 1502 sunt
789 1454 849 1512 loci,
875 1455 903 1502 in
922 1455 1011 1518 quibus
1027 1455 1166 1504 infinitivus
1181 1457 1281 1505 ridetur
1297 1470 1351 1505 osso
1367 1455 1502 1504 mutandus
1519 1455 1547 1503 in

410 1532 578 1582 indicativum.
599 1535 688 1583 Livius
705 1535 789 1584 XLV.
806 1535 846 1582 38.
881 1535 954 1584 Satis
968 1542 1100 1598 peccatum
1116 1539 1145 1585 in
1164 1537 1300 1585 Camittoa
1311 1537 1446 1584 maioriotoe
1456 1539 1548 1584 restris

409 1617 455 1668 ert,
470 1628 542 1674 quem
558 1618 642 1662 tamen
658 1619 718 1660 ante
733 1618 856 1674 receptam
873 1629 920 1675 per
935 1629 992 1661 eum
1008 1629 1025 1660 a
1045 1615 1131 1663 Gallis
1146 1617 1233 1663 urbem
1248 1617 1385 1664 violarunt.
1419 1615 1492 1662 Satis
1508 1615 1546 1662 iu-

409 1705 486 1752 super
507 1707 524 1738 a
547 1693 616 1740 rabie
636 1693 664 1739 in
686 1693 720 1739 P.
738 1693 877 1753 Afrioau05
895 1692 998 1739 Literni
1014 1693 1167 1740 domicilium
1183 1698 1208 1741 et
1223 1695 1304 1741 sedem
1313 1693 1400 1754 saure
1415 1694 1547 1742 domitoris

410 1771 529 1828 Africae,
546 1771 649 1819 Literni
664 1771 808 1833 sepulcrum
825 1771 928 1819 ostendi.
962 1771 1159 1828 Encbeccamuc‚
1184 1773 1266 1833 qloria
1289 1774 1314 1820 si
1336 1787 1386 1834 par
1407 1773 1460 1819 itta
1481 1771 1548 1820 ciris

411 1847 441 1895 L.
460 1850 572 1898 Pauline
588 1850 685 1898 iniuria
701 1855 785 1898 uestra
801 1855 964 1911 exaequetur.
998 1847 1140 1898 Gronovius
1155 1849 1230 1912 legit:
1252 1852 1317 1898 satis
1339 1852 1442 1912 insuper
1458 1865 1502 1898 uor
1517 1851 1548 1898 in

410 1927 443 1974 P.
462 1925 599 1990 Africano,
623 1930 725 1977 Literni
745 1929 899 1976 domicilium
921 1933 947 1975 et
962 1930 1043 1976 sedem
1053 1928 1142 1990 juisse
1158 1930 1290 1977 domitoris
1306 1928 1426 1989 Africae,
1443 1929 1548 1977 Literni

408 2008 551 2068 sepulerum
567 2009 680 2067 ostendi,
696 2008 868 2056 erubescimm.
905 2007 1028 2055 Gloriane
1047 2022 1098 2068 par
1118 2008 1171 2054 iliis
1187 2009 1252 2055 ciris
1269 2009 1301 2055 L.
1319 2009 1430 2054 Paullus
1447 2008 1547 2054 iniuria

408 2075 585 2135 etiam‘vestra
600 2085 805 2150 exaequabitur?
837 2085 953 2133 Fortasse
977 2084 1112 2148 simplicius
1138 2091 1203 2133 orat:
1230 2087 1303 2133 Satio
1323 2087 1429 2148 insuper
1444 2101 1461 2132 a
1477 2087 1548 2135 moa

408 2167 436 2212 in
454 2167 487 2213 P.
506 2165 638 2230 Africano.
671 2168 805 2216 Liternum
830 2167 985 2214 domicilium
1008 2172 1033 2215 et
1057 2167 1139 2214 cedem
1157 2167 1244 2227 suisne
1267 2166 1399 2214 domitoris
1425 2164 1547 2227 Africae,

409 2245 512 2292 Literni
526 2249 668 2307 sepulcrum
684 2247 801 2294 ostendit.
835 2244 989 2294 Gravissimi
1005 2251 1030 2292 et
1046 2244 1167 2292 invidioso
1187 2246 1330 2306 sepulcrum
1350 2245 1471 2292 ostendit:
1494 2259 1547 2292 non

409 2321 495 2380 mod0,
516 2324 575 2386 quia
592 2325 625 2372 ibi
642 2324 753 2387 sepultus
778 2331 827 2382 est,
848 2325 892 2372 sed
909 2324 984 2372 otiam
1001 2324 1114 2386 sepulcro
1131 2323 1178 2372 fuit
1198 2322 1355 2386 inscriptum,
1375 2323 1440 2385 quod
1461 2331 1549 2371 narrat

409 2400 495 2449 Voler.
512 2402 619 2451 Maxim.
636 2403 671 2452 V.
689 2405 712 2452 3.
743 2405 855 2466 Inqrata
869 2405 960 2465 patria
976 2419 1008 2452 ne
1023 2417 1081 2451 orsa
1096 2404 1195 2465 quidem
1212 2418 1267 2450 mea
1283 2403 1366 2450 habes.
1393 2401 1488 2450 Utrum
1499 2401 1547 2449 hoc

408 2480 444 2527 ita
461 2480 535 2529 fuerit
552 2482 710 2545 inscriptum,
728 2497 760 2530 au
777 2481 859 2541 aliud,
876 2481 914 2529 nil
930 2481 1013 2530 refert.
1047 2480 1131 2544 Scipio
1151 2489 1217 2529 oertc
1239 2480 1265 2526 in
1286 2479 1366 2542 petrin
1386 2478 1485 2542 sepeliri
1501 2493 1546 2528 no-

408 2558 463 2606 luit.
480 2560 536 2608 Liv.
554 2560 715 2611 XXXVIII.
728 2562 767 2610 53.
807 2563 893 2609 Vitam
910 2562 1011 2609 Literni
1027 2562 1091 2622 eqit,
1108 2562 1163 2609 sine
1179 2560 1301 2608 desiderio
1317 2560 1396 2607 urbis.
1430 2558 1545 2607 Morien-

411 2644 459 2684 tem
475 2654 547 2696 rure,
564 2656 591 2690 eo
606 2643 661 2702 ipso
678 2643 729 2690 loco
745 2638 846 2703 sepeliri
861 2655 889 2688 se
904 2641 1006 2689 iussisse
1019 2639 1126 2702 serunt,
1149 2644 1381 2701 monumentumque
1402 2639 1437 2686 ibi
1457 2639 1546 2701 aedifi·

408 2717 476 2774 cari,
493 2733 524 2765 ne
533 2717 619 2779 sunm
634 2720 682 2766 eibi
699 2720 845 2780 ininqrata
859 2720 950 2781 patria
960 2718 1046 2780 fieret.
