3542 5634
1215 236 1304 381 s

410 477 471 537 ru
796 420 1184 540 snurnanun'

453 659 600 724 Infantes
624 665 767 743 statuas,
793 682 850 726 seu
872 661 989 745 pingui
1012 665 1122 745 tentus
1147 681 1257 725 omaso

452 763 570 829 Furius
594 764 743 830 hibernas
768 787 849 830 cana
871 765 947 830 nive
970 770 1128 850 conspuet
1148 764 1258 850 Alpes.

453 867 592 949 „Nonne
614 868 748 952 vides,“
773 869 890 954 aliquis
915 869 1024 935 cubito
1048 873 1191 934 stantem
1213 889 1312 953 prope
1334 872 1473 952 tangens

451 970 597 1055 Inquiet,
623 977 684 1054 „ut
706 972 851 1057 patiens,
876 977 915 1037 ut
937 972 1051 1038 amicis
1074 976 1189 1057 aptus,
1214 976 1252 1036 ut
1274 974 1389 1037 acer?“

454 1074 567 1140 Plures
591 1074 760 1141 adnabunt
783 1076 919 1158 thunni,
944 1082 977 1140 et
999 1075 1119 1141 cetaria
1141 1083 1293 1141 crescent

453 1176 487 1242 Si
511 1177 564 1241 cui
587 1184 751 1261 praetcrea
774 1180 902 1245 validus
924 1179 1011 1244 male
1036 1179 1125 1244 filius
1148 1179 1240 1244 inre

452 1280 620 1345 Praeclara
643 1283 792 1350 sublatus
818 1285 941 1367 aletur,
965 1307 1007 1349 ne
1028 1283 1240 1349 manifestum

453 1382 594 1448 Caelibis
618 1386 809 1472 obsequium
832 1388 935 1453 nudet
957 1378 1014 1471 te,
1032 1387 1149 1452 leniter
1170 1387 1207 1452 in
1230 1409 1322 1472 spem

451 1485 580 1569 Adrepe
603 1489 781 1572 officiosus,
805 1496 844 1555 ut
867 1497 900 1555 et
923 1491 1062 1556 scribare
1086 1491 1246 1555 secundus

452 1597 554 1661 Heres
578 1600 626 1676 et,
650 1593 679 1659 si
702 1592 775 1678 quis
798 1615 891 1659 casus
914 1615 1051 1679 puerum
1074 1594 1176 1679 egerit
1199 1593 1297 1676 Orco,

453 1701 494 1764 In
516 1721 655 1764 vacnum
678 1696 804 1763 venias:
828 1719 956 1783 perraro
978 1698 1057 1762 haec
1080 1698 1152 1763 alea
1173 1697 1268 1762 fallit.

454 1801 517 1882 Qui
541 1806 775 1867 testamentum
800 1801 907 1866 tradet
930 1801 992 1865 tibi
1014 1823 1152 1886 cumque
1174 1801 1368 1886 legendum,

450 1907 602 1972 Abnuere
626 1912 658 1969 et
682 1904 810 1970 tabulas
834 1927 854 1968 a
876 1909 910 1968 te
932 1926 1095 1970 removere
1117 1909 1297 1986 memento,

453 2008 506 2074 Sic
529 2014 639 2074 tamen
662 2013 700 2073 ut
722 2007 811 2072 limis
835 2009 958 2092 rapias,
984 2008 1062 2093 quid
1084 2008 1191 2093 prima
1213 2007 1354 2072 secundo

452 2101 532 2177 Cela
553 2113 635 2178 velit
657 2134 752 2177 versu
759 2139 767 2190 ;
793 2112 881 2177 solus
906 2112 1063 2177 multisne
1086 2113 1233 2194 coheres,

407 2261 601 2310 eratcirescarat.
625 2259 733 2308 Gronov.
750 2260 953 2308 cirtuscontrahi
993 2262 1021 2308 in
1037 2262 1127 2322 peribus
1142 2261 1273 2308 distinctos
1287 2260 1393 2320 piscium
1405 2272 1540 2321 preaesse-

370 2331 373 2336 ’
407 2353 477 2401 posse
498 2353 530 2386 ex
551 2342 659 2389 virtutes
681 2339 853 2387 arbitrabatur.
888 2339 953 2387 Mihi
992 2341 1098 2401 qinuret.

408 2433 495 2466 verum
512 2419 621 2478 videtur,
639 2419 705 2482 quod
721 2419 814 2466 editum
831 2421 953 2467 estaires·
1027 2421 1067 2467 Ne
1089 2419 1251 2480 orenifestum
1274 2416 1380 2465 Coeiibis
1396 2416 1540 2476 obsequium

408 2499 445 2546 cit
461 2499 564 2546 vulnere
579 2501 674 2555 virtus,
691 2497 745 2555 vel,
766 2497 832 2560 qnod
853 2497 896 2546 alii
912 2512 954 2545 vo·
993 2501 1071 2547 nudet
1087 2504 1119 2546 te.
1140 2499 1276 2560 Iungemus
1293 2494 1457 2558 omnifestum
1473 2496 1539 2542 obce-

408 2575 475 2634 lunt,
492 2579 618 2627 virescunt
629 2581 728 2626 statuere
736 2579 807 2624 vires.
825 2578 861 2627 Ut
869 2583 954 2634 utest,
993 2579 1090 2638 quium,
1107 2591 1140 2624 an
1158 2574 1182 2625 ie
1198 2574 1377 2638 menifestum?
1403 2573 1431 2622 Si
1447 2579 1472 2621 te
1487 2589 1539 2625 nra,

409 2657 482 2718 potita
502 2659 620 2705 virescere
636 2655 709 2703 finxit
726 2671 741 2703 a
762 2658 868 2714 viribus,
889 2658 954 2719 quod
993 2656 1128 2719 bifestum,
1143 2655 1276 2713 Horatius,
1291 2653 1469 2715 credo,potius
1480 2654 1539 2701 scri-

411 2749 442 2782 ex
459 2734 539 2782 verbis
557 2734 632 2784 Gellii
641 2741 755 2796 apparet:
774 2732 906 2796 „pristinas
918 2735 954 2782 vi·
994 2735 1081 2798 psisset
1097 2736 1260 2797 mersissetum
1288 2735 1393 2782 Coetibie
1414 2735 1538 2796 obsequii:

410 2827 450 2862 res
467 2814 602 2876 reciperare
622 2816 765 2863 virescere.“
799 2814 882 2875 Quare
904 2829 954 2862 non
995 2821 1022 2862 ut
1039 2814 1140 2864 Sallust.
1157 2815 1214 2877 Ing.
1231 2814 1270 2863 35.
1296 2813 1454 2874 Manifestus
1471 2814 1540 2860 tuate'

368 2923 371 2929 -
412 2893 532 2941 assentior
556 2892 705 2950 Doderlino,
730 2894 827 2956 putanti
849 2894 955 2943 Furium
993 2895 1097 2943 scetem.
1132 2893 1180 2943 Sed
1196 2894 1224 2940 in
1239 2899 1344 2954 utraque
1354 2892 1538 2940 constructione

410 2972 515 3022 scribere
530 2973 637 3036 potuisse
653 2974 780 3022 vivescunt
797 2973 836 3022 vel
851 2977 954 3024 reuires-
994 2975 1137 3038 obsequium
1158 2980 1183 3021 te
1203 2974 1310 3021 nudabit
1330 2973 1366 3019 ita
1386 2971 1538 3028 sufficiebat,

411 3059 483 3111 curat,
496 3053 680 3104 dvabbbbovoe.
709 3055 954 3116 Quodadmutatam
994 3061 1022 3102 nt
1046 3069 1118 3103 nemo
1142 3054 1298 3102 desideraret.
1336 3051 1386 3112 Qui
1411 3055 1537 3108 ametur,

412 3133 513 3181 aFurio
525 3133 728 3196 significationem
739 3135 848 3198 infantis
860 3135 954 3193 attinet,
994 3134 1060 3182 hanc
1076 3135 1234 3198 munij‘estum
1250 3133 1329 3181 teneri
1345 3147 1384 3179 res
1395 3132 1451 3194 ipsa
1460 3132 1538 3196 loqui·

410 3211 550 3274 Porphyrio
574 3211 706 3261 Horatium
731 3213 806 3262 verbo
823 3213 857 3261 sic
881 3227 954 3260 usum
994 3221 1048 3273 tur,
1065 3228 1110 3261 nec
1126 3213 1175 3262 tale
1191 3213 1293 3261 verbnm
1304 3212 1470 3274 explicatione
1480 3226 1536 3275 ege·

412 3303 463 3338 esse
479 3297 549 3352 putat
566 3290 638 3340 Satir.
655 3293 676 3341 I.
694 3307 730 3341 vr.
748 3294 787 3344 57.
803 3295 892 3355 insutas
903 3309 953 3355 pu·
994 3293 1043 3341 bat.
1076 3293 1173 3355 Egebat
1187 3293 1267 3355 magis
1288 3293 1391 3342 coelibis.
1423 3292 1539 3340 Fortasse

412 3371 464 3418 dor.
499 3371 676 3428 „Manifestum
693 3379 730 3419 est
744 3372 955 3436 infantemanon
993 3373 1137 3436 legendum:
1156 3374 1196 3422 Ne
1211 3371 1338 3433 manifesti
1359 3372 1467 3421 Coelibis
1476 3375 1538 3426 obse

407 3451 490 3510 suado
505 3465 571 3500 nuno
587 3451 689 3510 dixisse3
711 3466 757 3500 nee
778 3451 843 3499 eninr
864 3451 897 3498 ad
913 3465 953 3499 ac·
995 3456 1081 3516 quium
1098 3455 1223 3501 audatie.
1256 3450 1422 3500 RecteAcm:
1441 3451 1537 3510 „Coeli-

411 3534 487 3575 tatem
504 3529 607 3578 relatum
624 3536 685 3580 est.“
717 3533 751 3580 Et
768 3531 866 3594 loquela
876 3531 955 3579 infan-
995 3536 1046 3591 bis,
1070 3532 1175 3582 hominis
1201 3531 1253 3579 sine
1282 3531 1389 3578 liberis.“
1423 3528 1538 3578 Habebat

412 3606 474 3654 tium
491 3618 515 3656 et
531 3616 657 3658 mutorum
674 3620 711 3658 est
731 3611 823 3660 eadem.
857 3611 907 3660 Sed
929 3612 956 3659 in
995 3613 1095 3676 quidem
1111 3611 1153 3659 ille
1170 3611 1263 3667 filium,
1280 3610 1391 3658 sedtum
1413 3609 1479 3657 male
1496 3623 1537 3656 va-

413 3684 460 3732 ista
484 3685 581 3749 loquela
605 3695 688 3736 tamen
713 3696 750 3737 est
777 3704 864 3746 sonus,
897 3699 956 3738 sunt
995 3692 1085 3746 lidum,
1103 3697 1131 3738 ut
1147 3705 1220 3738 nemo
1236 3690 1374 3746 dubitaret,
1390 3689 1453 3752 quin
1469 3688 1538 3736 brevi

413 3763 664 3830 κνυζὴματαᾶσημα.
692 3768 761 3830 Ergo
771 3768 953 3830 inepteadsta·
995 3778 1059 3820 esset
1074 3770 1216 3818 moriturus.
1241 3771 1311 3832 Ergo
1326 3775 1396 3832 pater
1411 3769 1462 3816 iam
1473 3779 1538 3815 nunc

412 3850 482 3891 tuam
499 3844 637 3894 referretur.
996 3851 1067 3914 quasi
1082 3850 1177 3898 coelebs
1188 3856 1250 3910 erat,
1261 3857 1314 3898 erut
1325 3848 1479 3911 manifestus
1490 3863 1537 3896 cue

353 3953 355 3956 -
448 3923 551 3972 Cetaria
560 3924 955 3988 cresceni.Commentator:„Ce-
995 3932 1057 3989 leba,
1074 3944 1159 3978 ornnes
1182 3929 1208 3978 in
1229 3944 1269 3986 eo,
1290 3927 1402 3992 quamvis
1419 3926 1487 3975 filins
1502 3928 1536 3974 vi·

412 4005 476 4054 taria
491 4005 543 4054 loca
559 4013 617 4056 sunt
633 4007 704 4055 iuxta
721 4007 814 4066 laeum,
832 4009 873 4056 ubi
890 4015 956 4069 cete,
995 4016 1075 4070 reret,
1091 4011 1141 4057 iarn
1157 4023 1225 4057 nunc
1240 4009 1326 4057 orbum
1343 4006 1513 4070 agnoscebant.

412 4087 497 4149 tyn'ni,
518 4094 543 4136 et
564 4086 606 4135 alii
628 4086 705 4149 pisces
726 4089 790 4151 capti
811 4089 955 4138 saliantur.“
1027 4089 1188 4137 Doderlinus:
1206 4089 1330 4147 „eoelibis,
1346 4087 1362 4134 i.
1371 4101 1392 4135 e.
1410 4094 1535 4149 tamquam

411 4167 557 4230 Legendum
585 4167 743 4229 separatur.
770 4167 862 4218 Seneca
877 4169 956 4233 Epist.
995 4167 1100 4217 coelibis.
1133 4169 1183 4216 Hie
1198 4175 1280 4215 autern
1296 4166 1391 4215 coelebs
1407 4172 1535 4214 nontanto

413 4247 452 4296 90.
491 4248 596 4295 Vivaria
609 4248 730 4309 piscium,
752 4249 778 4296 in
795 4250 839 4297 boc
855 4249 956 4307 clausu,
995 4247 1110 4311 obsequio
1127 4247 1242 4295 colendus
1259 4253 1308 4306 est,
1325 4252 1418 4309 quanto
1434 4246 1476 4309 qui
1487 4246 1535 4293 iarn

414 4332 444 4374 ut
467 4332 642 4388 tempestatum
660 4329 776 4388 pericula
800 4343 849 4375 non
873 4328 957 4376 adiret
995 4340 1082 4374 revera
1097 4333 1146 4385 est,
1167 4341 1199 4374 ne
1217 4327 1305 4389 prodat
1321 4325 1435 4373 morbum
1451 4324 1497 4373 filii
1512 4333 1536 4372 et

412 4409 484 4468 qaia,
500 4413 525 4456 et
541 4409 654 4470 quumvis
670 4409 789 4456 nemeae
802 4409 891 4470 pelope
905 4421 957 4454 sae-
995 4420 1063 4468 spem
1082 4405 1191 4454 orbitatis
1212 4419 1265 4453 esse
1289 4419 1401 4453 causam
1419 4403 1535 4452 adulatio

414 4486 503 4542 ciente,
525 4488 624 4535 habaet
652 4488 756 4535 incuria
777 4492 867 4550 portas
888 4500 957 4546 suos,
995 4485 1057 4532 nis.“
