3542 5634
671 503 850 568 LIBER
897 505 939 568 II.

259 695 310 760 Ut
334 693 456 760 melius
479 691 603 773 muria,
626 692 713 777 quod
735 698 821 756 testa
842 692 968 756 marina
990 691 1169 756 remittet“

259 800 398 864 Interea
419 817 577 881 suspensa
598 817 713 880 graves
737 795 850 860 aulaea
872 795 982 859 ruinas

258 903 302 966 In
326 901 480 986 patinam
502 900 622 981 fecere,
646 899 809 964 trahentia
830 898 975 984 pulveris
998 899 1078 980 utri,

260 1008 438 1087 Quantum
462 1028 528 1071 non
551 1005 673 1091 Aquilo
698 1005 874 1090 Campanis
899 1005 1021 1070 excitat
1043 1005 1140 1089 agris.

258 1111 334 1176 Nos
360 1110 466 1175 maius
490 1109 604 1192 veriti,
628 1114 803 1194 postquam
826 1108 911 1173 nihil
934 1130 1006 1174 esse
1027 1107 1140 1194 pericli

262 1214 455 1296 Sensimus,
479 1213 650 1298 erigimur:
675 1213 800 1295 Rufus,
824 1213 932 1298 posito
957 1212 1085 1298 capite,
1109 1216 1147 1276 ut
1169 1211 1197 1275 si

258 1317 374 1382 Filius
396 1316 590 1382 immaturus
615 1317 754 1400 obisset,
778 1316 862 1381 flere.
910 1315 992 1395 Quis
1014 1321 1101 1381 esset

259 1420 383 1503 Finis,
407 1421 443 1484 ni
466 1421 595 1505 sapiens
620 1421 666 1485 sic
689 1421 915 1508 Nomentanus
938 1419 1080 1484 amicum

258 1524 423 1590 Tolleret:
449 1523 565 1607 „Heu,
590 1525 753 1608 Fortuna,
778 1525 850 1610 quis
874 1530 925 1588 est
948 1523 1107 1588 crudelior
1133 1521 1168 1584 in
1192 1541 1250 1585 nos

258 1628 306 1692 Te
333 1628 430 1694 deus?
476 1627 524 1694 Ut
546 1650 672 1714 semper
694 1629 816 1714 gaudes
840 1628 976 1692 illudere
998 1627 1093 1691 rebus

260 1731 433 1796 Humanis
443 1732 475 1796 !“
521 1732 639 1797 Varius
665 1753 784 1816 mappa
806 1752 1012 1816 compescere
1034 1729 1136 1794 risum

258 1835 333 1899 Vix
355 1840 491 1921 poterat.
540 1835 690 1919 Balatro,
716 1836 918 1921 suspendens
942 1833 1052 1898 omnia
1074 1854 1172 1915 naso,

262 1938 384 2021 „Haec
406 1944 456 2004 est
478 1939 622 2005 conditio
645 1939 817 2022 vivendi,“
841 1938 964 2019 aiebat,
989 1958 1112 2022 „eoque

261 2042 477 2127 Responsura
499 2047 556 2107 tuo
579 2064 746 2128 nunquam
768 2047 819 2107 est
840 2064 899 2126 par
920 2041 1009 2105 fama
1030 2041 1143 2104 labori.

261 2147 371 2230 Tene,
395 2153 433 2212 ut
456 2170 515 2233 ego
538 2147 677 2233 accipiar
699 2147 809 2229 laute,
834 2146 1011 2230 torquerier
1033 2144 1123 2209 omni

262 2249 495 2316 Sollicitudine
519 2251 722 2334 districtum,
747 2273 788 2316 ne
810 2249 905 2336 panis
928 2250 1083 2331 adustus,

261 2353 319 2418 Ne
340 2355 426 2420 male
449 2355 616 2421 conditum
639 2357 690 2421 ius
714 2359 917 2440 apponatur,
942 2360 980 2418 ut
1002 2375 1114 2418 omnes

263 2457 451 2524 Praecincti
473 2464 559 2524 recte
581 2459 673 2544 pueri
695 2459 857 2542 comtique
879 2457 1087 2522 ministrent?

263 2561 362 2627 Adde
384 2562 443 2628 hos
466 2568 631 2648 praeterea
653 2585 762 2629 casus:
787 2562 902 2626 aulaea
925 2567 1023 2626 ruant
1047 2561 1095 2643 si,
1126 2633 1130 2636 ⁴

267 2690 307 2738 Ut
332 2705 429 2754 semper
454 2695 547 2755 gaudes
574 2695 679 2742 illudere
699 2695 770 2742 rebaa
809 2707 892 2754 quam.
926 2693 1089 2742 Reddendum
1105 2691 1152 2739 hoo
1162 2689 1253 2738 Plauto
1263 2689 1352 2738 Bacch.

219 2768 372 2819 Humanis!
393 2773 451 2822 Huc
466 2773 584 2835 pertinet,
602 2775 666 2838 quod
683 2774 768 2823 Dona·
809 2771 922 2822 11.1.1.
956 2775 1058 2824 Herilie
1072 2773 1162 2835 patria
1178 2773 1261 2820 salue:
1277 2785 1354 2833 qaam

218 2853 263 2896 tus
286 2848 400 2899 observat
422 2853 453 2900 ad
474 2853 573 2902 Terent.
590 2854 704 2903 Ennuch.
720 2855 768 2903 IV.
809 2865 850 2912 aaa
867 2851 975 2909 bimam
993 2853 1134 2914 Postquam
1151 2852 1253 2900 biacia
1270 2850 1354 2912 Ephe·

220 2939 273 2974 vn.
292 2928 329 2976 19.
362 2930 570 2988 „Animadverte,
587 2938 705 2992 quantam
718 2931 769 2979 vim
809 2943 865 2976 suae
877 2931 942 2986 abii,
952 2931 1075 2992 corupicio
1085 2931 1178 2980 laberis.
1195 2929 1353 2991 Lugendum:

220 3005 332 3053 habeant
353 3007 384 3053 ad
400 3005 571 3054 delectandum
587 3008 613 3055 in
630 3006 769 3056 Comoediis
810 3021 885 3066 quam
902 3021 944 3068 eqo
961 3009 1070 3064 biennio,
1087 3009 1228 3069 Postquam
1249 3009 1307 3056 hiae
1326 3009 1354 3055 iu

220 3099 326 3132 severae
352 3084 499 3141 sententiae,
532 3098 588 3132 cum
616 3099 632 3132 a
659 3085 769 3134 ridiculis
810 3085 941 3145 Ephesum
957 3087 1022 3142 abii,
1042 3091 1066 3134 te
1082 3086 1205 3146 conspicio
1221 3086 1320 3134 labeus!

220 3163 336 3226 personis
357 3162 539 3226 proferuntur.“
571 3164 622 3215 Hie
649 3167 770 3214 sententie
843 3165 1006 3226 Responsura
1028 3169 1073 3210 tae
1097 3178 1226 3224 eumaem
1247 3170 1285 3212 eet
1302 3179 1354 3226 par

221 3241 350 3306 profertur
379 3244 409 3291 de
440 3256 545 3306 persone
574 3244 684 3294 ridicula.
734 3249 770 3294 Ut
803 3243 977 3306 famulabor'u
1007 3242 1217 3303 Interpretentur:
1233 3243 1353 3300 tuisNi-

221 3337 321 3385 semper
339 3325 439 3386 gaudes,
458 3323 493 3372 ita
514 3324 540 3372 in
565 3325 657 3388 Virgil.
678 3324 769 3388 Georg.
810 3323 917 3379 sidiene‚
933 3321 1032 3378 studiis,
1048 3319 1115 3367 curis
1124 3327 1149 3368 et
1159 3320 1283 3380 molestiis,
1300 3324 1352 3384 qui-

223 3402 277 3451 111.
294 3402 351 3452 218.
369 3402 502 3465 legendum
518 3403 619 3466 putaui:
643 3407 769 3455 Dulcibus
809 3403 854 3451 bus
876 3403 907 3449 de
928 3396 995 3458 aliis,
1017 3401 1054 3448 uti
1074 3401 1124 3448 iam
1145 3402 1176 3448 de
1192 3401 1275 3458 nobis,
1292 3416 1353 3464 quos

223 3483 273 3530 illa
293 3483 391 3544 quidem
411 3484 530 3532 illecebrat
549 3488 579 3530 at
594 3497 667 3544 saepe
683 3497 769 3545 eaper-
810 3480 939 3544 splendido
949 3479 1063 3528 convivio
1071 3480 1191 3542 accepisti,
1199 3494 1286 3529 meres.
1298 3482 1353 3540 Est,

224 3561 267 3610 bos
292 3560 415 3611 Cornibus
423 3563 489 3611 inter
503 3562 629 3624 secubipit
641 3563 770 3614 deseruere
809 3567 883 3624 puto,
894 3559 1014 3608 sententia
1023 3559 1152 3622 generalis.
1173 3559 1293 3608 Homines
1307 3561 1353 3609 hec

226 3641 352 3688 annuatis!
385 3640 539 3704 Uhivulgo:
561 3647 683 3703 citaeque,
704 3643 770 3704 quod
809 3641 948 3690 conditione
963 3640 1015 3687 nati
1031 3653 1123 3687 samus.
1151 3637 1270 3700 impende
1285 3638 1354 3688 labo

226 3717 332 3782 intelligi
356 3732 408 3766 non
431 3726 516 3782 potest.
549 3721 725 3770 Emendandus
743 3722 770 3770 in
810 3735 862 3769 rem
886 3720 923 3768 rei
941 3719 1099 3778 utilissimae,
1124 3724 1242 3781 quantum
1258 3719 1352 3781 possis,

157 3807 158 3810 ’
227 3797 313 3846 eodem
329 3797 405 3847 verbo
422 3806 459 3847 est
474 3799 579 3848 Plautus
597 3799 673 3850 Stich.
689 3801 723 3850 V.
741 3817 769 3851 11.
809 3801 876 3850 fama
892 3815 1019 3864 nunquam
1035 3807 1079 3848 tuo
1095 3799 1175 3848 labori
1190 3800 1353 3862 respondebit.

229 3878 251 3924 l.
294 3878 393 3927 siloae
417 3880 545 3939 Athenae,
572 3895 635 3942 quae
659 3882 770 3931 autricae
844 3883 916 3930 Adde
932 3883 975 3929 boe
989 3886 1120 3943 praeterea
1136 3894 1214 3928 casae.
1231 3879 1353 3942 Equidem

231 3957 361 4006 Graeciae.
397 3957 477 4006 Terra
505 3960 592 4007 herilis
616 3961 718 4020 patria,
746 3966 771 4010 te
811 3959 934 4009 affirmare
952 3959 1001 4008 iere
1018 3960 1109 4018 ausim,
1128 3958 1260 4008 Horatium
1278 3959 1353 4020 scrip

228 4035 297 4083 uideo
312 4036 396 4086 libem.
429 4037 493 4100 Lag.
513 4039 535 4086 0
547 4043 617 4087 terra
630 4041 716 4089 herilis
725 4057 770 4104 pa·
810 4040 883 4088 sisse:
902 4041 971 4088 Adai
982 4042 1025 4088 bos
1034 4044 1166 4102 praetem
1176 4041 1262 4086 casm!
1284 4037 1353 4085 Tene

229 4115 295 4172 tria,
310 4121 341 4164 ut
358 4121 382 4164 te
398 4118 467 4165 uideo
484 4118 576 4166 libeas!
602 4117 680 4167 Siein
700 4121 770 4170 Pers.
810 4119 918 4180 torqueri
935 4119 1003 4165 omui
1021 4116 1184 4166 sollicitudine
1202 4115 1351 4163 dutiictum!

229 4193 334 4244 lum.
354 4196 407 4245 131.
441 4197 521 4245 Salve.
552 4197 771 4262 Utteampleaor
810 4197 879 4245 Addi
901 4197 1001 4259 insuper
1024 4202 1108 4244 mutae
1128 4193 1289 4243 sollicitudini
1309 4193 1353 4242 hos

230 4274 322 4323 loeas!
355 4273 446 4337 Virgil.
469 4274 661 4323 Aenianes.
695 4279 729 4325 Ut
747 4283 771 4327 te
811 4289 892 4334 casus,
909 4282 937 4322 ut
953 4273 1040 4323 aulaea
1055 4280 1136 4331 ruant,
1153 4272 1217 4335 quod
1233 4272 1353 4319 moderi-

227 4359 286 4416 posi
302 4356 385 4403 multa
401 4360 500 4402 tuorum
526 4355 643 4412 Funera,
657 4361 712 4416 past
728 4372 769 4404 va·
811 4356 904 4412 dimus,
924 4362 953 4401 ut
975 4368 1051 4417 agaso
1066 4353 1176 4416 petinam
1193 4350 1304 4413 frangat,
1321 4366 1353 4400 ue

230 4433 280 4480 rios
292 4434 463 4497 hominumque
473 4436 589 4497 urbisque
599 4436 702 4492 labores,
719 4436 770 4484 De·
811 4433 872 4482 alios
889 4449 960 4482 cesus
976 4435 1120 4482 memorem!
1139 4431 1238 4480 Terent.
1250 4429 1352 4479 Phorm.

138 4515 140 4520 '
224 4511 292 4575 sessi
307 4514 472 4575 adspicimus!
505 4513 557 4562 Pro
572 4520 602 4563 ut
619 4514 736 4562 usitatum
747 4521 771 4562 et
811 4514 846 4562 II.
873 4529 902 4563 11.
927 4514 967 4563 25.
1004 4514 1063 4563 Tea'
1083 4514 1235 4575 asymbolum
1255 4513 1349 4570 venire,
