3542 5634
451 584 483 621 vt
999 595 1037 604 ·“

450 741 531 796 muni
554 741 633 796 bono
655 739 838 813 praesidium
860 748 891 795 et
912 738 1016 808 decus,
1035 729 1239 811 honestaeque
1256 738 1429 813 paupertati
1444 738 1588 802 solamen,

450 844 499 901 cui
525 844 583 899 iam
610 862 734 899 avorum
766 842 910 899 inusitata
937 841 1104 898 liberalitas
1130 842 1260 916 hospitia
1293 849 1485 898 exstruxerat
1511 840 1588 896 tanti

450 945 632 1022 splendoris,
654 955 689 1002 ut
709 947 881 1021 Imperator
902 947 1088 1003 Francorum
1109 946 1334 1003 Mareschalcos
1356 963 1426 1002 suos
1445 963 1503 1001 non
1526 953 1588 1000 tam

449 1053 525 1108 bene
551 1050 689 1108 habitare
712 1051 835 1107 diceret.
878 1049 968 1106 Adde
997 1049 1213 1106 nobilissimam
1239 1049 1421 1106 Hollandam
1452 1047 1587 1107 Soeieta·
1652 1089 1653 1122 ss

449 1166 510 1212 tam
537 1155 742 1224 scientiarum,
766 1154 903 1210 Museum
925 1171 963 1208 ex
984 1153 1083 1226 legato
1105 1151 1243 1226 Teyleri,
1263 1151 1389 1209 hominis
1404 1151 1526 1228 privati,
1543 1171 1588 1209 re-

449 1259 495 1333 gie
517 1259 633 1317 erudito
653 1278 751 1316 rerum
772 1258 997 1315 utilissimarum
1019 1258 1091 1315 luxu
1106 1256 1298 1325 instructum,
1315 1259 1503 1332 eiusdemque
1519 1256 1587 1316 Col-

449 1363 558 1439 legium
583 1363 813 1438 Theologicum,
842 1363 961 1420 scholas
986 1363 1017 1419 in
1043 1381 1097 1420 suo
1123 1381 1273 1438 quamque
1294 1383 1405 1439 genere
1434 1373 1587 1439 praestan·

449 1478 509 1540 tes,
532 1487 658 1543 eumque
679 1470 770 1543 vulgo
791 1469 901 1525 artium
923 1477 954 1524 et
973 1468 1129 1526 literarum
1149 1487 1294 1538 amorem,
1317 1469 1369 1542 qui
1391 1470 1504 1526 semina
1525 1490 1586 1527 non

449 1573 609 1630 affectatae
636 1573 833 1631 humanitatis
863 1592 919 1648 per
945 1573 1047 1629 domos
1073 1573 1175 1647 paullo
1206 1573 1393 1630 honestiores
1412 1584 1586 1649 spargeret.

450 1678 510 1734 Tot
530 1678 618 1734 bonis
641 1696 734 1751 quum
755 1677 934 1734 accederent
956 1677 1050 1733 silvae
1072 1678 1196 1753 agrique
1218 1678 1477 1749 circumiacentes,
1504 1697 1586 1753 mag-

451 1782 557 1839 nificae
590 1790 620 1840 et
641 1783 794 1857 elegantes
810 1781 915 1852 villae,
937 1781 969 1837 in
990 1781 1100 1855 quibus
1122 1790 1231 1838 natura
1246 1791 1276 1838 et
1291 1801 1354 1854 ars,
1371 1784 1444 1857 quid
1459 1802 1586 1840 amoena

451 1891 595 1947 varietate
619 1895 756 1962 possent,
783 1894 914 1943 certasse
941 1885 1136 1956 videbantur,
1162 1887 1273 1943 rudera
1298 1887 1347 1943 hic
1375 1895 1504 1945 aetatem
1529 1886 1586 1945 Co·

450 1994 554 2051 mitum
576 1992 810 2062 Hollandorum,
832 1991 894 2047 illic
911 1991 970 2047 vim
987 1990 1157 2064 Hispanam
1174 1991 1286 2047 virtute
1304 1990 1413 2048 victam
1426 1981 1583 2062 testantia;

450 2108 481 2154 et
501 2097 590 2154 facile
616 2105 662 2154 est
682 2097 831 2167 iudicare,
848 2114 939 2169 quam
955 2096 1042 2152 dulce
1065 2093 1248 2152 domicilium
1272 2094 1393 2152 Vriesio
1416 2096 1584 2171 contigerit.

490 2203 528 2259 ln
550 2204 654 2259 eadem
671 2219 726 2276 ego
744 2204 819 2258 urbe
836 2208 950 2275 septem
966 2200 1029 2257 fere
1046 2217 1140 2256 annos
1153 2198 1227 2270 vixi,
1238 2209 1362 2257 vocatus
1379 2220 1407 2258 a.
1419 2217 1584 2260 uuoccxvr

451 2326 487 2364 eo
508 2306 697 2382 potissimum
718 2313 841 2361 auctore
862 2313 898 2360 ut
919 2303 1084 2379 Gymnasio
1106 2321 1286 2377 praeessem.
1329 2304 1392 2362 Diu
1414 2316 1504 2363 antea
1524 2309 1584 2364 iam

451 2412 553 2484 aliqua
579 2417 645 2465 erat
672 2407 752 2464 inter
777 2426 831 2464 nos
857 2407 980 2478 notitia,
1008 2413 1074 2463 orta
1094 2425 1150 2482 per
1170 2407 1346 2479 Boschium,
1370 2411 1418 2467 cui
1439 2412 1587 2470 Antholo-

450 2515 530 2588 giam
553 2512 709 2571 Graecam
730 2513 846 2586 edenti,
868 2531 947 2570 anno
968 2512 1057 2570 huius
1079 2513 1191 2570 saeculi
1207 2515 1297 2570 tertio
1319 2516 1477 2589 epistolam
1491 2517 1588 2576 Ruar·

455 2618 513 2690 dii,
542 2619 726 2677 Professoris
756 2618 961 2693 Groningani,
988 2619 1158 2690 tradebam,
1185 2618 1216 2674 in
1242 2638 1302 2693 qua
1329 2629 1407 2692 erat,
1430 2623 1461 2678 ni
1481 2622 1586 2695 fallor,

452 2725 595 2782 Latinum
618 2744 753 2794 carmen,
775 2723 863 2793 libro,
885 2731 920 2778 ut
940 2721 1004 2779 fieri
1026 2723 1138 2780 solebat
1158 2722 1219 2778 illis
1241 2725 1437 2799 temporibus,
1460 2746 1587 2804 praepo-

452 2831 599 2898 nendum,
634 2836 665 2884 et
692 2827 819 2884 fortasse
846 2827 949 2900 aliqua
974 2825 1032 2883 mei
1058 2826 1289 2898 commendatio,
1316 2829 1587 2906 Praeceptoratum

453 2935 683 2991 Harlemensem
705 2934 849 3009 petentis,
878 2952 967 3007 quem
987 2942 1017 2990 et
1038 2933 1168 3005 obtinui,
1192 2943 1222 2991 et
1243 2953 1354 2992 annum
1374 2937 1463 3010 gessi.
1506 2938 1587 2996 Tum

454 3037 581 3113 primurn
603 3037 666 3094 vidi
687 3040 837 3095 hominem
858 3048 967 3096 natura
989 3048 1020 3096 et
1040 3039 1153 3110 studio,
1176 3057 1268 3115 supra
1289 3059 1379 3115 quam
1394 3042 1519 3118 cogitari
1534 3063 1588 3119 po-

452 3152 524 3214 test,
546 3144 658 3199 bonum
680 3151 711 3199 et
731 3141 906 3216 simplicem.
949 3143 987 3199 In
1008 3141 1074 3217 ipso
1095 3125 1195 3215 vultu,
1218 3163 1304 3216 voce,
1327 3145 1433 3203 habitu
1456 3147 1532 3204 adeo
1554 3157 1588 3204 et

452 3248 534 3303 cultu
556 3264 744 3320 agnosceres.
787 3245 863 3302 Erat
883 3245 969 3316 mihi,
997 3247 1082 3320 quasi
1109 3257 1241 3305 veterem
1261 3249 1429 3314 Romanum
1451 3251 1589 3327 adspice-

451 3370 529 3421 rem,
552 3359 701 3424 quatenus
723 3348 796 3406 civis
818 3350 1106 3407 Amstelodamensis
1127 3350 1192 3408 istis
1215 3353 1347 3426 antiquis
1368 3355 1501 3412 moribus
1523 3356 1587 3413 Ro-

452 3473 572 3510 manum
594 3462 713 3528 poterat
734 3453 857 3511 referre.
893 3451 1054 3528 Cognitum
1076 3455 1199 3528 deinde,
1222 3457 1247 3514 si
1268 3458 1365 3515 minus
1386 3459 1452 3534 ipso
1467 3477 1539 3531 usu,
1554 3471 1590 3518 at

452 3558 572 3634 scriptis
593 3559 835 3634 Wyttenbachii,
859 3569 890 3617 et
910 3562 1068 3636 praeclara
1088 3562 1140 3620 illa
1162 3562 1289 3621 Davidis
1310 3564 1414 3621 Iacobi
1437 3565 1589 3641 Lennepii

453 3663 641 3734 laudatione,
667 3665 847 3738 praesertim
873 3673 975 3723 autem
1000 3668 1186 3725 sermonibus
1208 3669 1374 3726 Abrahami
1396 3668 1530 3744 nepotis,
1553 3671 1591 3727 li·
1656 3643 1658 3660 ⁴

452 3770 559 3825 benter
585 3785 653 3824 cnm
674 3767 746 3824 Tito
767 3769 936 3844 Pomponio
956 3772 1062 3830 Attico
1089 3759 1314 3849 comparabam,
1346 3775 1403 3832 nisi
1430 3776 1509 3849 quod
1536 3775 1589 3832 hic

452 3871 591 3947 poeticen
617 3873 705 3928 modo
733 3872 916 3948 attingebat,
952 3897 989 3935 ne
1018 3877 1081 3936 eius
1111 3898 1220 3956 expers
1247 3890 1326 3938 esset
1351 3881 1522 3953 suavitatis,
1552 3893 1590 3939 ut

453 3974 488 4033 C.
510 3976 613 4052 Nepos
635 3978 792 4049 credebat,
819 3980 870 4036 ille
898 3981 1058 4040 maximam
1083 3985 1163 4042 vitae
1191 3985 1372 4043 suavitatem
1393 3987 1463 4043 inde
1485 4004 1590 4061 spera·

451 4082 505 4138 bat
516 4091 545 4137 et
556 4083 739 4157 accipiebat;
752 4093 862 4155 tamen,
881 4095 915 4142 ut
927 4089 1091 4145 studiorum
1103 4089 1315 4146 dissimilitudo
1330 4088 1490 4147 amicitiam
1499 4090 1590 4166 Wyt-
1657 4159 1658 4164 ἵ

455 4186 624 4257 tenbachii,
646 4187 707 4244 alia
717 4187 811 4263 magis
822 4190 965 4265 amantis,
981 4211 1041 4249 non
1056 4201 1173 4250 tanturn
1184 4212 1243 4250 non
1255 4192 1410 4265 minuisse,
1426 4195 1479 4250 sed
1494 4194 1588 4250 etiam

452 4289 564 4346 arctius
586 4293 772 4349 contraxisse
794 4293 865 4350 mihi
888 4295 1010 4367 quidem
1031 4294 1179 4353 videatur.
1221 4297 1475 4374 Wyttenbachius
1495 4298 1587 4367 enirn,

451 4392 597 4467 quidquid
627 4398 764 4454 nonnulli
792 4409 898 4455 contra
927 4397 1072 4474 suspicati
1094 4400 1220 4474 fuerint,
1244 4403 1406 4460 Boschium
1429 4405 1588 4477 diligebat.

451 4497 518 4552 Hoc
539 4516 629 4573 saepe
650 4519 688 4556 ex
710 4500 815 4573 vidua,
838 4503 913 4559 lana
931 4502 1088 4576 Galliena,
1109 4508 1227 4564 erudita
1249 4517 1279 4564 et
1301 4508 1448 4581 elegantis
1470 4508 1587 4580 ingenii
