3542 5634
419 482 440 540 4
819 475 1167 542 SATIRARUM

464 666 646 732 Mercator:
671 670 724 747 tu,
746 663 917 730 consultus
942 665 1059 748 modo,
1082 664 1243 730 rusticus:
1267 664 1345 730 hinc
1369 689 1445 748 vos,

467 769 533 835 Vos
556 768 634 834 hinc
656 767 794 834 mutatis
818 766 978 832 discedite
1000 766 1159 858 partibus.
1208 767 1286 834 Eial

467 871 554 951 Quid
576 870 717 936 stetis?“
740 869 857 935 nolint
906 869 1012 954 Atqui
1033 867 1113 934 licet
1136 891 1207 936 esse
1229 870 1344 938 beatis.

469 973 555 1054 Quid
578 995 711 1039 caussae
735 979 803 1056 est,
828 972 946 1038 merito
972 972 1052 1057 quin
1076 971 1143 1038 illis
1168 973 1296 1059 Iupiter
1319 973 1433 1041 ambas

468 1078 577 1141 Iratus
601 1077 718 1142 buccas
742 1075 851 1153 inflet;
876 1096 981 1159 neque
1005 1096 1040 1140 se
1062 1074 1130 1140 fore
1153 1077 1291 1160 posthac

468 1179 546 1244 Tam
570 1178 702 1244 facilem
724 1179 830 1261 dicat,
854 1177 941 1244 votis
965 1182 1004 1242 ut
1025 1178 1179 1262 praebeat
1201 1183 1336 1246 aurem?

470 1283 660 1365 Praeterea,
686 1280 744 1367 (ue
766 1281 832 1364 sic,
856 1285 895 1346 nt
919 1279 976 1365 qui
998 1278 1175 1365 iocularia,
1199 1283 1310 1348 ridens

471 1385 678 1451 Percurram:
703 1406 903 1470 quamquam
926 1383 1086 1448 ridentem
1110 1385 1216 1451 dicere
1239 1409 1351 1453 verum

472 1488 560 1569 Quid
581 1492 693 1555 vetat?
715 1494 754 1553 ut
775 1487 885 1573 pueris
910 1487 989 1552 olim
1013 1486 1094 1553 dant
1116 1489 1262 1556 crustula
1284 1491 1399 1556 blandi

472 1591 647 1675 Doctores,
671 1592 833 1657 elementa
855 1589 960 1656 velint
982 1594 1021 1655 ut
1043 1590 1166 1658 discere
1189 1594 1323 1682 prima.)

463 1720 533 1778 Quin
561 1720 615 1768 illie
639 1721 744 1783 Iupiter
768 1723 855 1769 amhae
884 1720 978 1768 Iratus
1019 1723 1072 1775 ius,
1094 1734 1144 1768 non
1161 1723 1216 1770 iliis
1242 1722 1323 1783 inflet.
1358 1721 1407 1770 Sed
1432 1721 1474 1770 ubi
1497 1735 1567 1769 mens

107 1825 388 1862 W
420 1799 516 1857 tuccas
537 1799 617 1860 inflet.
651 1799 680 1849 Si
696 1798 816 1847 Horatius
831 1805 905 1846 antea
922 1797 979 1844 seri·
1018 1795 1064 1845 fuit
1089 1800 1243 1858 Burmanni,
1265 1801 1447 1863 interpretantis
1468 1800 1499 1846 ad
1519 1799 1566 1847 Pe·

426 1877 526 1940 psisset:
546 1877 577 1925 Si
592 1879 644 1926 illie
663 1879 749 1935 Deire,
765 1879 811 1926 Ea
826 1877 978 1940 medicat:
1011 1883 1073 1926 ‚uon
1099 1894 1123 1941 p.
1139 1879 1196 1928 205.
1230 1879 1342 1941 „Iupiter
1358 1879 1436 1927 iratus
1452 1877 1567 1940 cirlaphos

428 1956 469 2004 vel
493 1956 523 2005 Si
546 1956 663 2018 Iupiter,
689 1957 735 2006 Eu
750 1971 805 2018 epo,
830 1956 914 2005 dicut:
939 1954 980 2002 hic
1018 1955 1049 2003 iis
1061 1956 1160 2018 infligit,
1177 1964 1201 2006 et
1209 1957 1412 2006 contemtissimcs
1426 1957 1567 2006 mortalium

428 2036 533 2098 Iupiter
556 2049 599 2083 me
619 2049 670 2084 non
691 2034 832 2084 offenderet.
865 2034 933 2082 Nem
956 2040 980 2081 et
1019 2036 1112 2085 reddit:
1129 2051 1188 2084 uam
1205 2037 1240 2085 ita
1261 2037 1385 2094 solebant,
1408 2051 1470 2100 quos
1490 2035 1568 2098 alapis

428 2115 473 2164 ille
488 2129 562 2178 saepe
577 2114 722 2178 simpliciter
738 2115 808 2164 Dens
824 2113 978 2178 appellatur,
1019 2115 1166 2175 tundebant,
1185 2116 1254 2179 prius
1270 2115 1358 2163 buccas
1375 2113 1461 2162 inflare
1477 2113 1568 2171 iubere,

429 2204 453 2243 et
469 2209 560 2243 nornen
567 2196 648 2258 ipsum
656 2194 719 2243 bene
727 2201 886 2258 repeteretur.
904 2194 980 2242 Nunc
1018 2194 1084 2255 quod
1101 2209 1127 2242 os
1141 2197 1262 2257 praetere
1269 2195 1334 2244 dixit
1343 2193 1489 2243 Terentius?
1505 2192 1568 2241 Bur-

346 2326 348 2329 ,
430 2275 578 2336 praecedens
593 2276 617 2322 α’
632 2276 689 2336 quie
703 2277 776 2322 Deua
792 2273 921 2334 proprium
931 2270 979 2318 Dei
1019 2285 1139 2320 manuum
1156 2274 1238 2322 minus
1255 2273 1316 2322 bene
1333 2273 1359 2320 in
1372 2273 1501 2335 coegisse,
1517 2271 1568 2320 iem

430 2351 536 2400 alicuius
561 2366 652 2401 nomeu
676 2351 775 2399 refutat.
808 2350 872 2398 Utar
899 2363 980 2396 exem·
1020 2350 1179 2415 Oudendorp.
1195 2354 1227 2401 ad
1244 2352 1339 2415 Appul.
1356 2352 1458 2402 Meum.
1473 2366 1497 2414 p.
1512 2350 1569 2398 633.

431 2430 486 2492 plo,
503 2431 569 2492 quod
585 2430 679 2493 legitur
695 2430 722 2476 in
738 2427 852 2477 Platonis
863 2426 947 2476 Alcib.
960 2425 981 2475 1.
1020 2430 1202 2481 animadvertit.

431 2523 455 2570 p.
475 2507 528 2556 105.
552 2506 631 2565 δοκεῖς
648 2508 697 2573 γάρ
713 2527 765 2573 μοι,
783 2507 982 2565 ciricsceatum
1053 2510 1201 2568 Praeterea,
1218 2525 1249 2559 ue
1264 2511 1310 2568 sic,
1326 2515 1355 2558 ut
1373 2510 1417 2572 qui
1432 2509 1570 2564 uculcriu,

431 2587 508 2648 θεῶν,
534 2587 553 2634 ὦ
578 2584 733 2649 Ἀλκιβιάδη,
760 2587 869 2651 πότερον
894 2583 983 2648 βούλει
1020 2587 1107 2635 rideas
1135 2589 1301 2636 Percurrum.
1334 2587 1403 2635 Haeo
1420 2601 1467 2649 ego
1483 2593 1571 2634 cuneta

432 2666 490 2730 ζῇν,
512 2665 579 2729 ἔχων
601 2668 618 2714 ἃ
640 2669 690 2714 νῦν
706 2667 784 2729 ἔχεις,
802 2666 818 2724 ἢ
835 2666 928 2714 αὐτίκα
945 2682 982 2713 τε·
1021 2671 1105 2726 putem
1132 2664 1254 2725 faciliora,
1281 2667 1302 2714 si
1327 2667 1361 2714 sic
1378 2665 1507 2729 legentur:
1524 2667 1572 2713 In-

432 2742 538 2804 θνάναι,
556 2741 578 2792 ei
593 2743 627 2808 μὴ
639 2762 680 2792 σοι
693 2743 789 2800 ἐξέσται
800 2744 875 2807 μείζω
887 2743 982 2803 κτῆσα-
1022 2749 1089 2792 terea
1109 2744 1149 2806 (ne
1164 2745 1213 2805 sia,
1230 2751 1260 2794 ut
1277 2747 1320 2810 qui
1336 2747 1474 2801 uectoria,
1485 2745 1572 2793 ridens

433 2823 509 2882 σθαι,
526 2821 606 2878 δοκεῖς
623 2821 657 2870 ἄν
673 2840 717 2886 μοι
732 2820 833 2870 ἑλέσθαι
850 2819 982 2871 τεθνάναι.
1023 2825 1193 2882 Parciorem,
1215 2839 1366 2886 quamquam
1387 2826 1510 2874 ridentem
1533 2825 1572 2870 di-

433 2906 471 2958 et,
488 2900 575 2948 multis
592 2900 754 2962 interpositis:
780 2899 822 2947 καὶ
848 2898 869 2947 εἰ
894 2900 927 2948 αὖ
943 2915 984 2947 σοι
1022 2917 1077 2950 cere
1099 2917 1186 2950 auum
1222 2903 1292 2961 Quid
1316 2902 1406 2952 vetut?
1431 2909 1461 2951 ut
1483 2904 1573 2964 pueris

434 2979 531 3028 atroce
548 2976 902 3038 adricodrocSedc,iirtxrh.
925 2979 984 3027 Nou
1023 2981 1082 3028 olim
1099 2981 1163 3029 dant
1184 2983 1301 3030 aurula
1325 2984 1412 3030 claudi
1437 2984 1574 3041 Doctores,

434 3059 508 3107 credo
523 3057 656 3107 Platonem
672 3058 699 3105 in
714 3057 843 3121 postremis
860 3059 984 3106 dicturum
1023 3060 1143 3108 eleuterio
1158 3061 1236 3109 uelint
1252 3065 1283 3108 ut
1298 3062 1394 3110 discere
1409 3062 1507 3123 primu,
1533 3062 1575 3107 Et

435 3136 522 3194 fnisse,
540 3138 582 3186 eui
599 3136 621 3186 εἰ
637 3138 670 3186 ad
679 3155 720 3186 σοι
728 3135 897 3195 εἷποιόΖεύς.
923 3138 984 3186 For·
1024 3138 1125 3186 taudem
1145 3143 1227 3188 uruoto
1243 3144 1402 3201 quaeruntur
1421 3139 1489 3186 saia
1502 3139 1573 3199 ludo)

435 3217 630 3266 tasseHoratius
644 3216 723 3264 dedit:
744 3216 814 3274 Quid
824 3230 929 3264 σαιιισσι
939 3221 985 3272 est,
1025 3217 1076 3263 Ille
1091 3231 1192 3277 yraoem
1208 3230 1244 3279 sq.
1278 3217 1388 3274 Interea,
1404 3223 1434 3264 nt
1450 3217 1503 3264 sine
1520 3217 1575 3265 ioco

435 3299 525 3346 merito
541 3299 602 3359 quin
617 3298 669 3344 iltis
685 3296 798 3357 turpiter
814 3297 901 3342 andus
926 3296 985 3342 Ira·
1024 3293 1126 3356 loquar,
1148 3308 1298 3358 quamquam
1321 3302 1346 3342 et
1365 3296 1469 3344 ridendo
1485 3310 1575 3343 verum
1667 3353 1668 3360 ἵ

437 3378 586 3425 turtureus
605 3375 686 3436 inflet.
720 3373 788 3434 Quid
809 3386 911 3420 caussae
936 3381 985 3431 est,
1025 3371 1073 3419 dici
1090 3373 1178 3434 possit,
1195 3375 1317 3422 manetin
1330 3388 1376 3422 suo
1389 3374 1493 3438 quisque
1507 3376 1575 3423 vitae
1667 3383 1668 3412 l

436 3456 497 3518 quin
514 3456 560 3503 iste
568 3455 651 3511 Deus,
666 3452 755 3501 merito
768 3451 820 3500 illis
828 3452 921 3509 iratus,
935 3466 985 3499 am-
1026 3465 1123 3513 genere,
1141 3451 1251 3501 laborem
1266 3453 1365 3516 perfert,
1379 3453 1471 3502 cibaria
1484 3468 1576 3517 conge·
1667 3465 1668 3496 ι

437 3536 480 3583 bas
496 3535 585 3583 buccas
601 3535 707 3598 turpiter
722 3533 804 3590 inflet,
827 3533 888 3580 adeo
904 3531 986 3590 inflet,
1026 3530 1071 3588 rit,
1093 3539 1121 3579 ut
1141 3546 1218 3580 senex
1235 3533 1261 3580 in
1281 3533 1331 3580 otia
1347 3533 1452 3581 recedat.
1486 3533 1577 3582 Prima

438 3623 466 3664 ut
490 3616 590 3663 vultum
613 3614 687 3662 faciat
717 3620 821 3674 turpem.
866 3612 988 3672 Turpiter
1027 3609 1161 3670 elementa,
1179 3620 1208 3660 ut
1224 3611 1331 3668 radices,
1349 3618 1407 3659 sunt
1424 3626 1520 3669 amare,
1540 3619 1577 3660 ta-

437 3694 523 3755 iuflet,
540 3699 568 3740 ut
584 3693 611 3740 in
628 3689 741 3753 Epistola
758 3691 788 3737 ad
805 3688 917 3744 Pisones,
934 3703 987 3735 mu·
1026 3703 1084 3736 men
1100 3691 1248 3738 devoranda.
1269 3691 1388 3740 Doctores
1401 3691 1478 3753 igitur
1491 3692 1578 3740 dulcia

438 3773 486 3821 lier
503 3772 613 3833 turpiter
629 3767 721 3818 munit
737 3770 765 3816 iu
779 3769 880 3831 uiscera.
906 3769 988 3830 Quam
1027 3769 1134 3817 reddunt
1150 3769 1239 3816 additis
1256 3769 1380 3818 crustulis.
1401 3769 1503 3818 Veritas
1514 3785 1578 3832 quo·

439 3852 525 3913 turpia
541 3849 584 3897 fiat
600 3848 675 3896 facies
695 3848 733 3895 ira
749 3848 988 3903 excandescentium,
1027 3861 1075 3910 qne
1091 3855 1128 3896 est
1144 3863 1242 3907 amara,
1259 3855 1283 3896 et
1299 3849 1383 3896 odium
1399 3848 1470 3911 parit.
1496 3849 1579 3897 Poeta

439 3938 464 3978 et
481 3936 567 3979 notum
587 3935 636 3985 est,
662 3934 687 3975 et
712 3925 817 3983 Seneca,
836 3926 988 3976 Plutarchus
1028 3926 1086 3974 facit
1102 3926 1213 3983 dulcem,
1230 3926 1289 3974 iocis
1302 3927 1426 3976 admixtis.
1450 3926 1490 3976 Ita
1505 3917 1579 3989 pueri

440 4010 533 4073 aliique
552 4016 678 4072 tamqnam
699 4012 846 4068 argumento
861 4006 901 4054 usi
917 4014 988 4064 sunt,
1028 4011 1052 4052 et
1074 4004 1176 4054 lectores
1198 4021 1243 4056 suo
1261 4008 1390 4056 commodo
1405 4007 1579 4070 decipiuntur,

439 4097 468 4138 nt
480 4089 512 4138 ab
520 4089 558 4137 ira
566 4088 762 4136 dehortarentur.
780 4085 881 4134 Sueten.
898 4084 987 4134 Claud.
1028 4091 1053 4132 et
1068 4086 1133 4146 qnod
1150 4099 1264 4134 amarum
1281 4087 1324 4133 sed
1340 4085 1438 4134 salubre
1454 4092 1498 4144 est,
1516 4088 1579 4134 reci-

439 4169 480 4218 30.
496 4169 538 4216 ira
555 4168 668 4228 turpior,
684 4169 817 4227 spumante
832 4165 914 4223 rictu,
942 4166 987 4212 hu·
1027 4162 1111 4225 piuut:
1136 4165 1262 4213 ducuntur
1284 4165 1323 4213 illi
1345 4164 1473 4224 crustulis,
1499 4165 1580 4214 hiri·

440 4249 564 4296 mentibus
579 4246 692 4294 ueritus
728 4244 851 4306 Turpiter
870 4251 895 4292 et
913 4244 988 4305 Iupi-
1028 4243 1109 4291 dendo
1125 4245 1156 4291 ad
1173 4243 1244 4291 seria.
1270 4244 1377 4305 Quando
1389 4244 1471 4307 pueri,
1486 4244 1521 4292 ita
1536 4246 1581 4294 de-

441 4334 481 4374 ter
496 4339 585 4387 parum
601 4322 733 4378 differunt,
750 4335 779 4368 ac
796 4321 845 4370 fere
861 4321 937 4379 nihil,
954 4321 988 4378 si,
1029 4322 1100 4384 cepti,
1125 4322 1247 4370 elementa
1267 4323 1416 4381 didicerunt,
1438 4323 1514 4371 ludus
1531 4324 1582 4372 iste

442 4403 507 4465 quod
526 4401 600 4449 multi
615 4400 768 4465 praeferunt,
785 4401 908 4448 scribatur
925 4402 989 4462 Iup·
1029 4414 1078 4449 non
1092 4399 1199 4463 amplius
1212 4400 1354 4448 adhibetur:
1371 4401 1422 4448 iam
1432 4402 1582 4465 seriaquue·

440 4484 516 4546 piter.
550 4481 681 4542 Iungenda
702 4486 784 4527 autern
802 4487 859 4527 sunt
875 4480 989 4529 illisiru·
1029 4484 1138 4535 ruutur,
1155 4480 1325 4542 disputantur,
1342 4481 1466 4529 docentur.
