<?xml version="1.0" encoding="UTF-8"?>
<!DOCTYPE html PUBLIC "-//W3C//DTD XHTML 1.0 Transitional//EN"
    "http://www.w3.org/TR/xhtml1/DTD/xhtml1-transitional.dtd">
<html xmlns="http://www.w3.org/1999/xhtml" xml:lang="en" lang="en">
 <head>
  <title>
</title>
<meta http-equiv="Content-Type" content="text/html;charset=utf-8" />
  <meta name='ocr-system' content='tesseract 3.04.00' />
  <meta name='ocr-capabilities' content='ocr_page ocr_carea ocr_par ocr_line ocrx_word'/>
</head>
<body>
  <div class='ocr_page' id='page_1' title='image "./qhoratiiflaccis01peergoog_0122.png"; bbox 0 0 3542 5634; ppageno 0'>
   <div class='ocr_carea' id='block_1_1' title="bbox 664 546 938 614">
    <p class='ocr_par' dir='ltr' id='par_1_1' title="bbox 664 546 938 614">
     <span class='ocr_line' id='line_1_1' title="bbox 664 546 938 614; baseline 0.004 -1"><span class='ocrx_word' id='word_1_1' title='bbox 664 546 938 614; x_wconf 56' lang='lat' dir='ltr'><strong>LIBERaelI.</strong></span> 
     </span>
    </p>
   </div>
   <div class='ocr_carea' id='block_1_2' title="bbox 270 735 1321 1438">
    <p class='ocr_par' dir='ltr' id='par_1_2' title="bbox 273 735 1197 923">
     <span class='ocr_line' id='line_1_2' title="bbox 275 735 1197 820; baseline 0 -20"><span class='ocrx_word' id='word_1_2' title='bbox 275 735 339 800; x_wconf 84' lang='lat' dir='ltr'><strong>Sed</strong></span> <span class='ocrx_word' id='word_1_3' title='bbox 364 744 495 817; x_wconf 87' lang='lat' dir='ltr'><strong>tamen,</strong></span> <span class='ocrx_word' id='word_1_4' title='bbox 524 743 561 800; x_wconf 90' lang='lat' dir='ltr'><strong>ut</strong></span> <span class='ocrx_word' id='word_1_5' title='bbox 585 737 731 800; x_wconf 85' lang='lat' dir='ltr'><strong>monitus</strong></span> <span class='ocrx_word' id='word_1_6' title='bbox 756 757 890 817; x_wconf 83' lang='lat' dir='ltr'><strong>caveas,</strong></span> <span class='ocrx_word' id='word_1_7' title='bbox 916 757 957 800; x_wconf 93' lang='lat' dir='ltr'><strong>ne</strong></span> <span class='ocrx_word' id='word_1_8' title='bbox 980 735 1063 799; x_wconf 89' lang='lat' dir='ltr'><strong>forte</strong></span> <span class='ocrx_word' id='word_1_9' title='bbox 1086 739 1197 820; x_wconf 86' lang='lat' dir='ltr'><strong>negoti</strong></span> 
     </span>
     <span class='ocr_line' id='line_1_3' title="bbox 273 837 1128 923; baseline 0.002 -23"><span class='ocrx_word' id='word_1_10' title='bbox 273 837 419 902; x_wconf 82' lang='lat' dir='ltr'>Incutiat</span> <span class='ocrx_word' id='word_1_11' title='bbox 443 837 502 902; x_wconf 91' lang='lat' dir='ltr'><strong>tibi</strong></span> <span class='ocrx_word' id='word_1_12' title='bbox 527 838 607 923; x_wconf 90' lang='lat' dir='ltr'><strong>quid</strong></span> <span class='ocrx_word' id='word_1_13' title='bbox 631 844 819 903; x_wconf 83' lang='lat' dir='ltr'><strong>sanctarum</strong></span> <span class='ocrx_word' id='word_1_14' title='bbox 843 837 977 903; x_wconf 83' lang='lat' dir='ltr'><strong>inscitia</strong></span> <span class='ocrx_word' id='word_1_15' title='bbox 999 838 1128 922; x_wconf 90' lang='lat' dir='ltr'><strong>legum;</strong></span> 
     </span>
    </p>

    <p class='ocr_par' dir='ltr' id='par_1_3' title="bbox 272 939 1321 1232">
     <span class='ocr_line' id='line_1_4' title="bbox 273 939 1244 1026; baseline 0.001 -21"><span class='ocrx_word' id='word_1_16' title='bbox 273 939 308 1005; x_wconf 84' lang='lat' dir='ltr'><strong>Si</strong></span> <span class='ocrx_word' id='word_1_17' title='bbox 331 940 420 1004; x_wconf 87' lang='lat' dir='ltr'><strong>mela</strong></span> <span class='ocrx_word' id='word_1_18' title='bbox 443 941 626 1006; x_wconf 73' lang='lat' dir='ltr'><strong>condiderit</strong></span> <span class='ocrx_word' id='word_1_19' title='bbox 649 941 683 1005; x_wconf 91' lang='lat' dir='ltr'><strong>in</strong></span> <span class='ocrx_word' id='word_1_20' title='bbox 708 962 805 1026; x_wconf 93' lang='lat' dir='ltr'><strong>quem</strong></span> <span class='ocrx_word' id='word_1_21' title='bbox 832 941 906 1025; x_wconf 87' lang='lat' dir='ltr'><strong>quis</strong></span> <span class='ocrx_word' id='word_1_22' title='bbox 931 941 1093 1023; x_wconf 85' lang='lat' dir='ltr'><strong>carmina,</strong></span> <span class='ocrx_word' id='word_1_23' title='bbox 1119 943 1244 1006; x_wconf 81' lang='lat' dir='ltr'><strong>ineest</strong></span> 
     </span>
     <span class='ocr_line' id='line_1_5' title="bbox 273 1042 1321 1130; baseline 0.004 -25"><span class='ocrx_word' id='word_1_24' title='bbox 273 1042 534 1128; x_wconf 86' lang='lat' dir='ltr'><strong>Iudiciumque.“</strong></span> <span class='ocrx_word' id='word_1_25' title='bbox 582 1044 704 1126; x_wconf 82' lang='lat' dir='ltr'><strong>‚,Esto‚</strong></span> <span class='ocrx_word' id='word_1_26' title='bbox 729 1043 852 1128; x_wconf 83' lang='lat' dir='ltr'><strong>siquis</strong></span> <span class='ocrx_word' id='word_1_27' title='bbox 876 1043 981 1108; x_wconf 86' lang='lat' dir='ltr'><strong>mela:</strong></span> <span class='ocrx_word' id='word_1_28' title='bbox 1006 1044 1063 1108; x_wconf 84' lang='lat' dir='ltr'><strong>sed</strong></span> <span class='ocrx_word' id='word_1_29' title='bbox 1086 1044 1172 1109; x_wconf 88' lang='lat' dir='ltr'><strong>bona</strong></span> <span class='ocrx_word' id='word_1_30' title='bbox 1196 1043 1224 1108; x_wconf 87' lang='lat' dir='ltr'><strong>si</strong></span> <span class='ocrx_word' id='word_1_31' title='bbox 1248 1045 1321 1130; x_wconf 83' lang='lat' dir='ltr'><strong>quis</strong></span> 
     </span>
     <span class='ocr_line' id='line_1_6' title="bbox 272 1145 1101 1232; baseline 0.005 -24"><span class='ocrx_word' id='word_1_32' title='bbox 272 1145 384 1211; x_wconf 88' lang='lat' dir='ltr'><strong>Iudice</strong></span> <span class='ocrx_word' id='word_1_33' title='bbox 408 1146 593 1212; x_wconf 82' lang='lat' dir='ltr'><strong>condiderit</strong></span> <span class='ocrx_word' id='word_1_34' title='bbox 617 1147 770 1212; x_wconf 81' lang='lat' dir='ltr'><strong>laudatus</strong></span> <span class='ocrx_word' id='word_1_35' title='bbox 795 1145 954 1212; x_wconf 79' lang='lat' dir='ltr'>Caesare?</span> <span class='ocrx_word' id='word_1_36' title='bbox 976 1147 1005 1212; x_wconf 87' lang='lat' dir='ltr'><strong>si</strong></span> <span class='ocrx_word' id='word_1_37' title='bbox 1028 1147 1101 1232; x_wconf 87' lang='lat' dir='ltr'><strong>quis</strong></span> 
     </span>
    </p>

    <p class='ocr_par' dir='ltr' id='par_1_4' title="bbox 270 1246 1127 1438">
     <span class='ocr_line' id='line_1_7' title="bbox 273 1246 1127 1335; baseline 0.001 -21"><span class='ocrx_word' id='word_1_38' title='bbox 273 1246 464 1333; x_wconf 85' lang='lat' dir='ltr'><strong>Opprobriis</strong></span> <span class='ocrx_word' id='word_1_39' title='bbox 488 1249 626 1334; x_wconf 91' lang='lat' dir='ltr'><strong>dignum</strong></span> <span class='ocrx_word' id='word_1_40' title='bbox 649 1249 834 1331; x_wconf 87' lang='lat' dir='ltr'><strong>latraverit,</strong></span> <span class='ocrx_word' id='word_1_41' title='bbox 859 1249 988 1334; x_wconf 84' lang='lat' dir='ltr'><strong>integer</strong></span> <span class='ocrx_word' id='word_1_42' title='bbox 1011 1250 1081 1335; x_wconf 88' lang='lat' dir='ltr'><strong>ipse</strong></span> <span class='ocrx_word' id='word_1_43' title='bbox 1089 1253 1127 1314; x_wconf 87' lang='lat'><strong>?“</strong></span> 
     </span>
     <span class='ocr_line' id='line_1_8' title="bbox 270 1352 1110 1438; baseline 0.002 -20"><span class='ocrx_word' id='word_1_44' title='bbox 270 1352 471 1434; x_wconf 84' lang='lat' dir='ltr'><strong>„Solventur</strong></span> <span class='ocrx_word' id='word_1_45' title='bbox 493 1353 563 1418; x_wconf 85' lang='lat' dir='ltr'><strong>risu</strong></span> <span class='ocrx_word' id='word_1_46' title='bbox 587 1354 736 1438; x_wconf 83' lang='lat' dir='ltr'><strong>tabulae,</strong></span> <span class='ocrx_word' id='word_1_47' title='bbox 762 1359 799 1418; x_wconf 91' lang='lat' dir='ltr'><strong>tu</strong></span> <span class='ocrx_word' id='word_1_48' title='bbox 822 1352 945 1418; x_wconf 85' lang='lat' dir='ltr'><strong>missus</strong></span> <span class='ocrx_word' id='word_1_49' title='bbox 969 1354 1110 1420; x_wconf 82' lang='lat' dir='ltr'><strong>abibis.“</strong></span> 
     </span>
    </p>
   </div>
   <div class='ocr_carea' id='block_1_3' title="bbox 215 1545 769 3111">
    <p class='ocr_par' dir='ltr' id='par_1_5' title="bbox 219 1545 769 2320">
     <span class='ocr_line' id='line_1_9' title="bbox 257 1545 769 1611; baseline -0.002 -16"><span class='ocrx_word' id='word_1_50' title='bbox 257 1550 303 1595; x_wconf 79' lang='lat' dir='ltr'><strong>Ias</strong></span> <span class='ocrx_word' id='word_1_51' title='bbox 319 1553 357 1598; x_wconf 86' lang='lat' dir='ltr'><strong>est</strong></span> <span class='ocrx_word' id='word_1_52' title='bbox 372 1549 549 1611; x_wconf 79' lang='lat' dir='ltr'><strong>iudiciumque.</strong></span> <span class='ocrx_word' id='word_1_53' title='bbox 583 1549 667 1611; x_wconf 82' lang='lat' dir='ltr'><strong>Ergo,</strong></span> <span class='ocrx_word' id='word_1_54' title='bbox 682 1545 726 1610; x_wconf 88' lang='lat' dir='ltr'><strong>qui</strong></span> <span class='ocrx_word' id='word_1_55' title='bbox 743 1559 769 1594; x_wconf 89' lang='lat' dir='ltr'><strong>se</strong></span> 
     </span>
     <span class='ocr_line' id='line_1_10' title="bbox 222 1625 768 1689; baseline 0.004 -17"><span class='ocrx_word' id='word_1_56' title='bbox 222 1625 314 1674; x_wconf 86' lang='lat' dir='ltr'><strong>iniuria</strong></span> <span class='ocrx_word' id='word_1_57' title='bbox 338 1625 454 1675; x_wconf 86' lang='lat' dir='ltr'><strong>affectum</strong></span> <span class='ocrx_word' id='word_1_58' title='bbox 478 1632 561 1689; x_wconf 85' lang='lat' dir='ltr'><strong>putat,</strong></span> <span class='ocrx_word' id='word_1_59' title='bbox 587 1640 702 1674; x_wconf 84' lang='lat' dir='ltr'><strong>accusare</strong></span> <span class='ocrx_word' id='word_1_60' title='bbox 726 1639 768 1688; x_wconf 91' lang='lat' dir='ltr'><strong>po·</strong></span> 
     </span>
     <span class='ocr_line' id='line_1_11' title="bbox 221 1703 768 1768; baseline 0 -16"><span class='ocrx_word' id='word_1_61' title='bbox 221 1712 277 1752; x_wconf 83' lang='lat' dir='ltr'><strong>test.</strong></span> <span class='ocrx_word' id='word_1_62' title='bbox 311 1703 398 1754; x_wconf 80' lang='lat' dir='ltr'><strong>Cicero</strong></span> <span class='ocrx_word' id='word_1_63' title='bbox 414 1720 459 1768; x_wconf 91' lang='lat' dir='ltr'><strong>pro</strong></span> <span class='ocrx_word' id='word_1_64' title='bbox 476 1706 548 1754; x_wconf 88' lang='lat' dir='ltr'><strong>Rosc.</strong></span> <span class='ocrx_word' id='word_1_65' title='bbox 560 1704 632 1753; x_wconf 83' lang='lat' dir='ltr'><strong>Com.</strong></span> <span class='ocrx_word' id='word_1_66' title='bbox 643 1705 667 1752; x_wconf 87' lang='grc'><strong>8.</strong></span> <span class='ocrx_word' id='word_1_67' title='bbox 687 1706 768 1752; x_wconf 80' lang='lat' dir='ltr'><strong>Frau-</strong></span> 
     </span>
     <span class='ocr_line' id='line_1_12' title="bbox 221 1785 768 1835; baseline 0 -4"><span class='ocrx_word' id='word_1_68' title='bbox 221 1785 300 1832; x_wconf 78' lang='lat' dir='ltr'><strong>dabat</strong></span> <span class='ocrx_word' id='word_1_69' title='bbox 325 1789 350 1834; x_wconf 85' lang='lat' dir='ltr'><strong>te</strong></span> <span class='ocrx_word' id='word_1_70' title='bbox 374 1787 402 1832; x_wconf 83' lang='lat' dir='ltr'><strong>in</strong></span> <span class='ocrx_word' id='word_1_71' title='bbox 425 1787 543 1834; x_wconf 80' lang='lat' dir='ltr'><strong>societate</strong></span> <span class='ocrx_word' id='word_1_72' title='bbox 563 1787 684 1835; x_wconf 74' lang='lat' dir='ltr'><strong>Roscius?</strong></span> <span class='ocrx_word' id='word_1_73' title='bbox 706 1789 768 1833; x_wconf 78' lang='lat' dir='ltr'><strong>aaut</strong></span> 
     </span>
     <span class='ocr_line' id='line_1_13' title="bbox 220 1863 768 1928; baseline 0.007 -19"><span class='ocrx_word' id='word_1_74' title='bbox 220 1863 293 1921; x_wconf 81' lang='lat' dir='ltr'><strong>iarn,</strong></span> <span class='ocrx_word' id='word_1_75' title='bbox 309 1871 370 1913; x_wconf 82' lang='lat' dir='ltr'><strong>eunt</strong></span> <span class='ocrx_word' id='word_1_76' title='bbox 379 1865 509 1928; x_wconf 78' lang='lat' dir='ltr'><strong>formulae</strong></span> <span class='ocrx_word' id='word_1_77' title='bbox 524 1868 554 1916; x_wconf 75' lang='lat' dir='ltr'><strong>de</strong></span> <span class='ocrx_word' id='word_1_78' title='bbox 570 1868 683 1915; x_wconf 76' lang='lat' dir='ltr'><strong>oninibaa</strong></span> <span class='ocrx_word' id='word_1_79' title='bbox 694 1867 768 1914; x_wconf 82' lang='lat' dir='ltr'><strong>rebus</strong></span> 
     </span>
     <span class='ocr_line' id='line_1_14' title="bbox 220 1943 767 2008; baseline 0.009 -20"><span class='ocrx_word' id='word_1_80' title='bbox 220 1943 380 1992; x_wconf 73' lang='lat' dir='ltr'><strong>constitutae.</strong></span> <span class='ocrx_word' id='word_1_81' title='bbox 397 1945 479 1992; x_wconf 82' lang='lat' dir='ltr'><strong>Lucas</strong></span> <span class='ocrx_word' id='word_1_82' title='bbox 490 1944 516 1992; x_wconf 87' lang='lat' dir='ltr'><strong>in</strong></span> <span class='ocrx_word' id='word_1_83' title='bbox 525 1945 583 1994; x_wconf 87' lang='lat' dir='ltr'><strong>Act.</strong></span> <span class='ocrx_word' id='word_1_84' title='bbox 592 1945 682 2008; x_wconf 86' lang='lat' dir='ltr'><strong>Apost.</strong></span> <span class='ocrx_word' id='word_1_85' title='bbox 691 1945 767 1993; x_wconf 88' lang='lat' dir='ltr'>XIX.</span> 
     </span>
     <span class='ocr_line' id='line_1_15' title="bbox 220 2020 768 2088; baseline 0.005 -19"><span class='ocrx_word' id='word_1_86' title='bbox 220 2020 262 2070; x_wconf 84' lang='lat'><strong>38.</strong></span> <span class='ocrx_word' id='word_1_87' title='bbox 287 2020 308 2070; x_wconf 81' lang='grc' dir='ltr'><strong>εἰ</strong></span> <span class='ocrx_word' id='word_1_88' title='bbox 323 2024 371 2086; x_wconf 77' lang='grc' dir='ltr'><strong>μέν</strong></span> <span class='ocrx_word' id='word_1_89' title='bbox 387 2025 433 2072; x_wconf 83' lang='grc' dir='ltr'><strong>οὖν</strong></span> <span class='ocrx_word' id='word_1_90' title='bbox 450 2023 593 2088; x_wconf 82' lang='grc' dir='ltr'><strong>Δημήτριος</strong></span> <span class='ocrx_word' id='word_1_91' title='bbox 609 2023 651 2071; x_wconf 79' lang='lat' dir='ltr'><strong>ani</strong></span> <span class='ocrx_word' id='word_1_92' title='bbox 678 2023 700 2072; x_wconf 86' lang='lat' dir='ltr'><strong>oi</strong></span> <span class='ocrx_word' id='word_1_93' title='bbox 720 2025 768 2072; x_wconf 79' lang='grc' dir='ltr'><strong>σὺν</strong></span> 
     </span>
     <span class='ocr_line' id='line_1_16' title="bbox 221 2100 765 2166; baseline 0 -18"><span class='ocrx_word' id='word_1_94' title='bbox 221 2100 293 2164; x_wconf 77' lang='grc' dir='ltr'><strong>αὐτῷ</strong></span> <span class='ocrx_word' id='word_1_95' title='bbox 310 2105 422 2165; x_wconf 82' lang='grc' dir='ltr'><strong>τεχνῖται</strong></span> <span class='ocrx_word' id='word_1_96' title='bbox 444 2102 531 2164; x_wconf 85' lang='grc' dir='ltr'><strong>ἔχουσι</strong></span> <span class='ocrx_word' id='word_1_97' title='bbox 553 2101 617 2166; x_wconf 81' lang='grc' dir='ltr'><strong>πρός</strong></span> <span class='ocrx_word' id='word_1_98' title='bbox 640 2119 697 2149; x_wconf 84' lang='grc' dir='ltr'><strong>τινα</strong></span> <span class='ocrx_word' id='word_1_99' title='bbox 720 2101 765 2148; x_wconf 85' lang='grc' dir='ltr'><strong>λό-</strong></span> 
     </span>
     <span class='ocr_line' id='line_1_17' title="bbox 220 2178 766 2244; baseline 0.004 -18"><span class='ocrx_word' id='word_1_100' title='bbox 220 2197 284 2241; x_wconf 83' lang='grc' dir='ltr'><em>γον,</em></span> <span class='ocrx_word' id='word_1_101' title='bbox 302 2178 418 2243; x_wconf 82' lang='grc' dir='ltr'><strong>ἁγόραιοι</strong></span> <span class='ocrx_word' id='word_1_102' title='bbox 438 2180 546 2244; x_wconf 83' lang='grc' dir='ltr'><em>ἄγονται</em></span> <span class='ocrx_word' id='word_1_103' title='bbox 562 2181 604 2229; x_wconf 80' lang='grc' dir='ltr'><strong>καὶ</strong></span> <span class='ocrx_word' id='word_1_104' title='bbox 621 2180 766 2230; x_wconf 77' lang='grc' dir='ltr'>ἀνθύπατοί</span> 
     </span>
     <span class='ocr_line' id='line_1_18' title="bbox 219 2254 642 2320; baseline 0.012 -17"><span class='ocrx_word' id='word_1_105' title='bbox 219 2254 291 2306; x_wconf 80' lang='grc' dir='ltr'><strong>εἰσιν·</strong></span> <span class='ocrx_word' id='word_1_106' title='bbox 308 2257 494 2320; x_wconf 78' lang='grc' dir='ltr'>ἐγκαλείτωσαν</span> <span class='ocrx_word' id='word_1_107' title='bbox 510 2257 642 2318; x_wconf 80' lang='grc' dir='ltr'><strong>ἀλλήλοις.</strong></span> 
     </span>
    </p>

    <p class='ocr_par' dir='ltr' id='par_1_6' title="bbox 215 2337 765 3111">
     <span class='ocr_line' id='line_1_19' title="bbox 255 2337 765 2395; baseline 0.004 -11"><span class='ocrx_word' id='word_1_108' title='bbox 255 2337 391 2385; x_wconf 78' lang='lat' dir='ltr'><strong>Sola-eatur</strong></span> <span class='ocrx_word' id='word_1_109' title='bbox 411 2340 465 2386; x_wconf 82' lang='lat' dir='ltr'><strong>risu</strong></span> <span class='ocrx_word' id='word_1_110' title='bbox 488 2338 600 2395; x_wconf 79' lang='lat' dir='ltr'><strong>tabulae,</strong></span> <span class='ocrx_word' id='word_1_111' title='bbox 625 2345 654 2386; x_wconf 82' lang='lat' dir='ltr'><strong>tu</strong></span> <span class='ocrx_word' id='word_1_112' title='bbox 675 2340 765 2386; x_wconf 75' lang='lat' dir='ltr'><strong>mistus</strong></span> 
     </span>
     <span class='ocr_line' id='line_1_20' title="bbox 219 2416 765 2480; baseline 0.005 -18"><span class='ocrx_word' id='word_1_113' title='bbox 219 2416 308 2464; x_wconf 81' lang='lat' dir='ltr'><strong>abibis.</strong></span> <span class='ocrx_word' id='word_1_114' title='bbox 340 2416 423 2466; x_wconf 81' lang='lat' dir='ltr'><strong>Valde</strong></span> <span class='ocrx_word' id='word_1_115' title='bbox 440 2417 556 2480; x_wconf 85' lang='lat' dir='ltr'><strong>ambigue</strong></span> <span class='ocrx_word' id='word_1_116' title='bbox 573 2417 674 2476; x_wconf 85' lang='lat' dir='ltr'><strong>dictum,</strong></span> <span class='ocrx_word' id='word_1_117' title='bbox 691 2425 716 2465; x_wconf 88' lang='lat' dir='ltr'><strong>et</strong></span> <span class='ocrx_word' id='word_1_118' title='bbox 727 2417 765 2465; x_wconf 88' lang='lat' dir='ltr'><strong>in·</strong></span> 
     </span>
     <span class='ocr_line' id='line_1_21' title="bbox 218 2496 763 2556; baseline 0.009 -15"><span class='ocrx_word' id='word_1_119' title='bbox 218 2500 338 2556; x_wconf 84' lang='lat' dir='ltr'><strong>terpretes</strong></span> <span class='ocrx_word' id='word_1_120' title='bbox 363 2496 393 2543; x_wconf 91' lang='lat' dir='ltr'><strong>de</strong></span> <span class='ocrx_word' id='word_1_121' title='bbox 421 2498 515 2544; x_wconf 80' lang='lat' dir='ltr'><strong>tabulis</strong></span> <span class='ocrx_word' id='word_1_122' title='bbox 535 2511 586 2544; x_wconf 91' lang='lat' dir='ltr'><strong>non</strong></span> <span class='ocrx_word' id='word_1_123' title='bbox 607 2497 763 2546; x_wconf 86' lang='lat' dir='ltr'><strong>conveniunt.</strong></span> 
     </span>
     <span class='ocr_line' id='line_1_22' title="bbox 218 2570 764 2639; baseline 0.009 -19"><span class='ocrx_word' id='word_1_124' title='bbox 218 2570 417 2624; x_wconf 82' lang='lat' dir='ltr'><strong>Commentator:</strong></span> <span class='ocrx_word' id='word_1_125' title='bbox 435 2576 491 2635; x_wconf 86' lang='lat' dir='ltr'><strong>„vel</strong></span> <span class='ocrx_word' id='word_1_126' title='bbox 503 2576 628 2635; x_wconf 88' lang='lat' dir='ltr'><strong>subsellia,</strong></span> <span class='ocrx_word' id='word_1_127' title='bbox 644 2576 685 2624; x_wconf 89' lang='lat' dir='ltr'><strong>vel</strong></span> <span class='ocrx_word' id='word_1_128' title='bbox 696 2576 764 2639; x_wconf 85' lang='lat' dir='ltr'><strong>leges</strong></span> 
     </span>
     <span class='ocr_line' id='line_1_23' title="bbox 217 2652 764 2713; baseline 0.011 -15"><span class='ocrx_word' id='word_1_129' title='bbox 217 2652 347 2702; x_wconf 86' lang='lat' dir='ltr'><strong>duodecim</strong></span> <span class='ocrx_word' id='word_1_130' title='bbox 372 2654 530 2713; x_wconf 85' lang='lat' dir='ltr'><strong>tabularum,</strong></span> <span class='ocrx_word' id='word_1_131' title='bbox 556 2655 596 2704; x_wconf 85' lang='lat' dir='ltr'><strong>vel</strong></span> <span class='ocrx_word' id='word_1_132' title='bbox 620 2655 712 2704; x_wconf 90' lang='lat' dir='ltr'><strong>iudices</strong></span> <span class='ocrx_word' id='word_1_133' title='bbox 737 2657 764 2705; x_wconf 92' lang='lat' dir='ltr'><strong>in</strong></span> 
     </span>
     <span class='ocr_line' id='line_1_24' title="bbox 216 2733 762 2794; baseline 0.011 -16"><span class='ocrx_word' id='word_1_134' title='bbox 216 2744 275 2779; x_wconf 87' lang='lat' dir='ltr'><strong>enm</strong></span> <span class='ocrx_word' id='word_1_135' title='bbox 303 2747 354 2780; x_wconf 87' lang='lat' dir='ltr'><strong>non</strong></span> <span class='ocrx_word' id='word_1_136' title='bbox 385 2741 459 2782; x_wconf 87' lang='lat' dir='ltr'><strong>erunt</strong></span> <span class='ocrx_word' id='word_1_137' title='bbox 483 2734 586 2782; x_wconf 85' lang='lat' dir='ltr'><strong>severi.“</strong></span> <span class='ocrx_word' id='word_1_138' title='bbox 629 2733 762 2794; x_wconf 82' lang='lat' dir='ltr'><strong>subsellia,</strong></span> 
     </span>
     <span class='ocr_line' id='line_1_25' title="bbox 216 2812 763 2875; baseline 0.005 -18"><span class='ocrx_word' id='word_1_139' title='bbox 216 2823 337 2874; x_wconf 82' lang='lat' dir='ltr'><strong>compago</strong></span> <span class='ocrx_word' id='word_1_140' title='bbox 362 2812 506 2875; x_wconf 88' lang='lat' dir='ltr'><strong>lignorum,</strong></span> <span class='ocrx_word' id='word_1_141' title='bbox 538 2812 589 2860; x_wconf 88' lang='lat' dir='ltr'><strong>risu</strong></span> <span class='ocrx_word' id='word_1_142' title='bbox 617 2813 763 2872; x_wconf 86' lang='lat' dir='ltr'><strong>solventur,</strong></span> 
     </span>
     <span class='ocr_line' id='line_1_26' title="bbox 215 2888 763 2955; baseline 0.009 -19"><span class='ocrx_word' id='word_1_143' title='bbox 215 2888 376 2952; x_wconf 80' lang='lat' dir='ltr'><strong>frangentur,</strong></span> <span class='ocrx_word' id='word_1_144' title='bbox 398 2891 455 2954; x_wconf 87' lang='lat' dir='ltr'><strong>plus</strong></span> <span class='ocrx_word' id='word_1_145' title='bbox 476 2899 527 2952; x_wconf 85' lang='lat' dir='ltr'><strong>est,</strong></span> <span class='ocrx_word' id='word_1_146' title='bbox 547 2907 622 2955; x_wconf 86' lang='lat' dir='ltr'><strong>quam</strong></span> <span class='ocrx_word' id='word_1_147' title='bbox 642 2893 690 2941; x_wconf 90' lang='lat' dir='ltr'><strong>loci</strong></span> <span class='ocrx_word' id='word_1_148' title='bbox 708 2907 763 2941; x_wconf 91' lang='lat' dir='ltr'><strong>sen-</strong></span> 
     </span>
     <span class='ocr_line' id='line_1_27' title="bbox 215 2969 763 3032; baseline 0.005 -16"><span class='ocrx_word' id='word_1_149' title='bbox 215 2969 294 3016; x_wconf 87' lang='lat' dir='ltr'><strong>tentia</strong></span> <span class='ocrx_word' id='word_1_150' title='bbox 309 2971 413 3032; x_wconf 79' lang='lat' dir='ltr'><strong>patitur:</strong></span> <span class='ocrx_word' id='word_1_151' title='bbox 431 2972 494 3032; x_wconf 69' lang='lat' dir='ltr'><strong>leges</strong></span> <span class='ocrx_word' id='word_1_152' title='bbox 509 2973 645 3029; x_wconf 81' lang='lat' dir='ltr'><strong>solventur,</strong></span> <span class='ocrx_word' id='word_1_153' title='bbox 660 2972 763 3020; x_wconf 91' lang='lat' dir='ltr'><strong>minime</strong></span> 
     </span>
     <span class='ocr_line' id='line_1_28' title="bbox 215 3048 763 3111; baseline 0.007 -17"><span class='ocrx_word' id='word_1_154' title='bbox 215 3049 285 3096; x_wconf 80' lang='lat' dir='ltr'><strong>decet</strong></span> <span class='ocrx_word' id='word_1_155' title='bbox 303 3048 461 3107; x_wconf 67' lang='lat' dir='ltr'><strong>Trebatium</strong></span> <span class='ocrx_word' id='word_1_156' title='bbox 478 3048 538 3110; x_wconf 88' lang='lat' dir='ltr'><strong>qnid</strong></span> <span class='ocrx_word' id='word_1_157' title='bbox 551 3050 617 3097; x_wconf 89' lang='lat' dir='ltr'><strong>enim</strong></span> <span class='ocrx_word' id='word_1_158' title='bbox 628 3051 725 3111; x_wconf 87' lang='lat' dir='ltr'><strong>turpius</strong></span> <span class='ocrx_word' id='word_1_159' title='bbox 736 3050 763 3098; x_wconf 89' lang='lat' dir='ltr'><strong>in</strong></span> 
     </span>
    </p>
   </div>
   <div class='ocr_carea' id='block_1_4' title="bbox 805 1544 1361 3096">
    <p class='ocr_par' dir='ltr' id='par_1_7' title="bbox 805 1544 1361 3096">
     <span class='ocr_line' id='line_1_29' title="bbox 809 1544 1361 1594; baseline 0.004 -4"><span class='ocrx_word' id='word_1_160' title='bbox 809 1544 896 1592; x_wconf 84' lang='lat' dir='ltr'><strong>sellia:</strong></span> <span class='ocrx_word' id='word_1_161' title='bbox 914 1546 1006 1594; x_wconf 67' lang='lat' dir='ltr'><strong>arcissae</strong></span> <span class='ocrx_word' id='word_1_162' title='bbox 1022 1547 1108 1593; x_wconf 81' lang='lat' dir='ltr'><strong>abibit.</strong></span> <span class='ocrx_word' id='word_1_163' title='bbox 1136 1544 1173 1593; x_wconf 88' lang='lat' dir='ltr'><strong>Ut</strong></span> <span class='ocrx_word' id='word_1_164' title='bbox 1188 1544 1248 1593; x_wconf 86' lang='lat' dir='ltr'><strong>lusit</strong></span> <span class='ocrx_word' id='word_1_165' title='bbox 1264 1545 1290 1592; x_wconf 91' lang='lat' dir='ltr'><strong>in</strong></span> <span class='ocrx_word' id='word_1_166' title='bbox 1307 1559 1361 1592; x_wconf 87' lang='lat' dir='ltr'><strong>car-</strong></span> 
     </span>
     <span class='ocr_line' id='line_1_30' title="bbox 810 1623 1360 1684; baseline 0.004 -12"><span class='ocrx_word' id='word_1_167' title='bbox 810 1623 879 1672; x_wconf 87' lang='lat' dir='ltr'><strong>mina</strong></span> <span class='ocrx_word' id='word_1_168' title='bbox 896 1627 959 1673; x_wconf 84' lang='lat' dir='ltr'><strong>bona</strong></span> <span class='ocrx_word' id='word_1_169' title='bbox 974 1633 1000 1674; x_wconf 90' lang='lat' dir='ltr'><strong>et</strong></span> <span class='ocrx_word' id='word_1_170' title='bbox 1016 1628 1099 1684; x_wconf 71' lang='lat' dir='ltr'><strong>niele,</strong></span> <span class='ocrx_word' id='word_1_171' title='bbox 1119 1626 1154 1673; x_wconf 89' lang='lat' dir='ltr'><strong>ita</strong></span> <span class='ocrx_word' id='word_1_172' title='bbox 1174 1626 1278 1675; x_wconf 83' lang='lat' dir='ltr'><strong>sortasse</strong></span> <span class='ocrx_word' id='word_1_173' title='bbox 1294 1625 1360 1674; x_wconf 88' lang='lat' dir='ltr'><strong>luse-</strong></span> 
     </span>
     <span class='ocr_line' id='line_1_31' title="bbox 810 1704 1361 1766; baseline 0.004 -16"><span class='ocrx_word' id='word_1_174' title='bbox 810 1711 850 1752; x_wconf 85' lang='lat' dir='ltr'><strong>rat</strong></span> <span class='ocrx_word' id='word_1_175' title='bbox 865 1704 893 1750; x_wconf 91' lang='lat' dir='ltr'><strong>in</strong></span> <span class='ocrx_word' id='word_1_176' title='bbox 908 1705 1034 1754; x_wconf 79' lang='lat' dir='ltr'><strong>subsellia.</strong></span> <span class='ocrx_word' id='word_1_177' title='bbox 1064 1704 1131 1752; x_wconf 87' lang='lat' dir='ltr'><strong>Nam</strong></span> <span class='ocrx_word' id='word_1_178' title='bbox 1149 1705 1267 1753; x_wconf 65' lang='lat' dir='ltr'><strong>subtollit</strong></span> <span class='ocrx_word' id='word_1_179' title='bbox 1284 1704 1361 1766; x_wconf 88' lang='lat' dir='ltr'><strong>signi-</strong></span> 
     </span>
     <span class='ocr_line' id='line_1_32' title="bbox 810 1783 1359 1840; baseline 0.005 -10"><span class='ocrx_word' id='word_1_180' title='bbox 810 1783 885 1832; x_wconf 85' lang='lat' dir='ltr'><strong>ficant</strong></span> <span class='ocrx_word' id='word_1_181' title='bbox 901 1789 925 1831; x_wconf 90' lang='lat' dir='ltr'><strong>et</strong></span> <span class='ocrx_word' id='word_1_182' title='bbox 943 1785 1058 1840; x_wconf 82' lang='lat' dir='ltr'><strong>tabulas,</strong></span> <span class='ocrx_word' id='word_1_183' title='bbox 1073 1799 1191 1840; x_wconf 69' lang='lat' dir='ltr'><strong>scarane,</strong></span> <span class='ocrx_word' id='word_1_184' title='bbox 1213 1790 1238 1831; x_wconf 88' lang='lat' dir='ltr'><strong>et</strong></span> <span class='ocrx_word' id='word_1_185' title='bbox 1254 1786 1359 1840; x_wconf 80' lang='lat' dir='ltr'><strong>iudices,</strong></span> 
     </span>
     <span class='ocr_line' id='line_1_33' title="bbox 809 1863 1360 1926; baseline 0.002 -16"><span class='ocrx_word' id='word_1_186' title='bbox 809 1863 851 1925; x_wconf 90' lang='lat' dir='ltr'><strong>qui</strong></span> <span class='ocrx_word' id='word_1_187' title='bbox 868 1863 895 1911; x_wconf 90' lang='lat' dir='ltr'><strong>in</strong></span> <span class='ocrx_word' id='word_1_188' title='bbox 911 1863 1033 1912; x_wconf 81' lang='lat' dir='ltr'><strong>subselliis</strong></span> <span class='ocrx_word' id='word_1_189' title='bbox 1051 1863 1144 1919; x_wconf 87' lang='lat' dir='ltr'><strong>sedent,</strong></span> <span class='ocrx_word' id='word_1_190' title='bbox 1161 1869 1186 1911; x_wconf 88' lang='lat' dir='ltr'><strong>et</strong></span> <span class='ocrx_word' id='word_1_191' title='bbox 1202 1870 1320 1926; x_wconf 85' lang='lat' dir='ltr'><strong>patronos</strong></span> <span class='ocrx_word' id='word_1_192' title='bbox 1331 1863 1360 1910; x_wconf 93' lang='lat' dir='ltr'><strong>li·</strong></span> 
     </span>
     <span class='ocr_line' id='line_1_34' title="bbox 809 1941 1360 2005; baseline -0.002 -16"><span class='ocrx_word' id='word_1_193' title='bbox 809 1942 953 2004; x_wconf 84' lang='lat' dir='ltr'><strong>tigantium.</strong></span> <span class='ocrx_word' id='word_1_194' title='bbox 988 1941 1125 1992; x_wconf 84' lang='lat' dir='ltr'><strong>Continens</strong></span> <span class='ocrx_word' id='word_1_195' title='bbox 1150 1942 1292 2004; x_wconf 89' lang='lat' dir='ltr'><strong>saepissime</strong></span> <span class='ocrx_word' id='word_1_196' title='bbox 1314 1957 1360 2005; x_wconf 90' lang='lat' dir='ltr'><strong>pro</strong></span> 
     </span>
     <span class='ocr_line' id='line_1_35' title="bbox 809 2022 1359 2085; baseline -0.004 -17"><span class='ocrx_word' id='word_1_197' title='bbox 809 2029 924 2070; x_wconf 88' lang='lat' dir='ltr'><strong>contento</strong></span> <span class='ocrx_word' id='word_1_198' title='bbox 945 2022 1057 2085; x_wconf 87' lang='lat' dir='ltr'><strong>ponitur,</strong></span> <span class='ocrx_word' id='word_1_199' title='bbox 1073 2028 1102 2070; x_wconf 89' lang='lat' dir='ltr'><strong>ut</strong></span> <span class='ocrx_word' id='word_1_200' title='bbox 1116 2036 1140 2069; x_wconf 85' lang='lat' dir='ltr'><strong>v.</strong></span> <span class='ocrx_word' id='word_1_201' title='bbox 1153 2035 1175 2070; x_wconf 92' lang='lat' dir='ltr'><strong>c.</strong></span> <span class='ocrx_word' id='word_1_202' title='bbox 1195 2023 1302 2083; x_wconf 83' lang='lat' dir='ltr'><strong>templa,</strong></span> <span class='ocrx_word' id='word_1_203' title='bbox 1319 2037 1359 2069; x_wconf 78' lang='lat' dir='ltr'><strong>ee-</strong></span> 
     </span>
     <span class='ocr_line' id='line_1_36' title="bbox 808 2098 1359 2158; baseline -0.005 -10"><span class='ocrx_word' id='word_1_204' title='bbox 808 2105 876 2157; x_wconf 80' lang='lat' dir='ltr'><strong>stra,</strong></span> <span class='ocrx_word' id='word_1_205' title='bbox 901 2116 999 2158; x_wconf 84' lang='lat' dir='ltr'><strong>carcer,</strong></span> <span class='ocrx_word' id='word_1_206' title='bbox 1025 2101 1110 2157; x_wconf 83' lang='lat' dir='ltr'><strong>curia,</strong></span> <span class='ocrx_word' id='word_1_207' title='bbox 1132 2115 1155 2148; x_wconf 82' lang='lat' dir='ltr'><strong>v.</strong></span> <span class='ocrx_word' id='word_1_208' title='bbox 1173 2098 1242 2148; x_wconf 85' lang='lat' dir='ltr'><strong>Cort.</strong></span> <span class='ocrx_word' id='word_1_209' title='bbox 1260 2099 1291 2146; x_wconf 89' lang='lat' dir='ltr'><strong>ad</strong></span> <span class='ocrx_word' id='word_1_210' title='bbox 1307 2099 1359 2148; x_wconf 84' lang='lat' dir='ltr'><strong>Ln-</strong></span> 
     </span>
     <span class='ocr_line' id='line_1_37' title="bbox 809 2178 1359 2241; baseline -0.005 -13"><span class='ocrx_word' id='word_1_211' title='bbox 809 2193 862 2228; x_wconf 85' lang='lat' dir='ltr'><strong>can.</strong></span> <span class='ocrx_word' id='word_1_212' title='bbox 879 2182 915 2229; x_wconf 90' lang='lat' dir='ltr'><strong>V.</strong></span> <span class='ocrx_word' id='word_1_213' title='bbox 932 2180 971 2227; x_wconf 94' lang='lat' dir='ltr'><strong>ll.</strong></span> <span class='ocrx_word' id='word_1_214' title='bbox 1005 2179 1073 2241; x_wconf 85' lang='lat' dir='ltr'><strong>Quin</strong></span> <span class='ocrx_word' id='word_1_215' title='bbox 1085 2178 1228 2227; x_wconf 79' lang='lat' dir='ltr'><strong>Martiall.</strong></span> <span class='ocrx_word' id='word_1_216' title='bbox 1237 2178 1278 2229; x_wconf 84' lang='lat'><strong>27.</strong></span> <span class='ocrx_word' id='word_1_217' title='bbox 1298 2179 1359 2226; x_wconf 74' lang='lat' dir='ltr'><strong>Sex·</strong></span> 
     </span>
     <span class='ocr_line' id='line_1_38' title="bbox 809 2257 1358 2319; baseline -0.002 -15"><span class='ocrx_word' id='word_1_218' title='bbox 809 2258 906 2316; x_wconf 81' lang='lat' dir='ltr'><strong>titiane,</strong></span> <span class='ocrx_word' id='word_1_219' title='bbox 924 2257 994 2316; x_wconf 67' lang='lat' dir='ltr'><strong>aaa,</strong></span> <span class='ocrx_word' id='word_1_220' title='bbox 1011 2262 1136 2319; x_wconf 80' lang='lat' dir='ltr'><strong>qnantum</strong></span> <span class='ocrx_word' id='word_1_221' title='bbox 1152 2257 1273 2304; x_wconf 77' lang='lat' dir='ltr'><strong>subsellia</strong></span> <span class='ocrx_word' id='word_1_222' title='bbox 1286 2257 1358 2318; x_wconf 79' lang='lat' dir='ltr'><strong>qnia-</strong></span> 
     </span>
     <span class='ocr_line' id='line_1_39' title="bbox 807 2336 1354 2397; baseline 0.004 -15"><span class='ocrx_word' id='word_1_223' title='bbox 807 2349 861 2397; x_wconf 84' lang='lat' dir='ltr'><strong>que.</strong></span> <span class='ocrx_word' id='word_1_224' title='bbox 896 2337 951 2385; x_wconf 84' lang='lat' dir='ltr'><strong>Nec</strong></span> <span class='ocrx_word' id='word_1_225' title='bbox 971 2350 1138 2385; x_wconf 77' lang='lat' dir='ltr'><strong>comessorum</strong></span> <span class='ocrx_word' id='word_1_226' title='bbox 1158 2336 1244 2384; x_wconf 77' lang='lat' dir='ltr'><strong>vicina</strong></span> <span class='ocrx_word' id='word_1_227' title='bbox 1259 2337 1354 2384; x_wconf 76' lang='lat' dir='ltr'><strong>numis-</strong></span> 
     </span>
     <span class='ocr_line' id='line_1_40' title="bbox 808 2415 1357 2471; baseline 0 -11"><span class='ocrx_word' id='word_1_228' title='bbox 808 2419 879 2462; x_wconf 83' lang='lat' dir='ltr'><strong>mata</strong></span> <span class='ocrx_word' id='word_1_229' title='bbox 896 2419 1011 2471; x_wconf 81' lang='lat' dir='ltr'><strong>tantum,</strong></span> <span class='ocrx_word' id='word_1_230' title='bbox 1034 2418 1103 2462; x_wconf 78' lang='lat' dir='ltr'><strong>Aere</strong></span> <span class='ocrx_word' id='word_1_231' title='bbox 1120 2415 1164 2462; x_wconf 83' lang='lat' dir='ltr'><strong>sed</strong></span> <span class='ocrx_word' id='word_1_232' title='bbox 1184 2429 1202 2461; x_wconf 87' lang='lat' dir='ltr'><strong>a</strong></span> <span class='ocrx_word' id='word_1_233' title='bbox 1219 2415 1304 2462; x_wconf 67' lang='lat' dir='ltr'><strong>cunda</strong></span> <span class='ocrx_word' id='word_1_234' title='bbox 1320 2415 1357 2461; x_wconf 84' lang='lat' dir='ltr'><strong>al-</strong></span> 
     </span>
     <span class='ocr_line' id='line_1_41' title="bbox 808 2493 1357 2567; baseline -0.002 -26"><span class='ocrx_word' id='word_1_235' title='bbox 808 2496 904 2542; x_wconf 81' lang='lat' dir='ltr'><strong>teriora</strong></span> <span class='ocrx_word' id='word_1_236' title='bbox 914 2495 988 2554; x_wconf 79' lang='lat' dir='ltr'><strong>petis.</strong></span> <span class='ocrx_word' id='word_1_237' title='bbox 1004 2493 1101 2567; x_wconf 82' lang='lat' dir='ltr'><strong>Appul</strong></span> <span class='ocrx_word' id='word_1_238' title='bbox 1110 2493 1257 2542; x_wconf 87' lang='lat' dir='ltr'><strong>MetamlI.</strong></span> <span class='ocrx_word' id='word_1_239' title='bbox 1266 2508 1291 2555; x_wconf 92' lang='lat' dir='ltr'><strong>p.</strong></span> <span class='ocrx_word' id='word_1_240' title='bbox 1302 2493 1357 2542; x_wconf 83' lang='lat'>19⁰.</span> 
     </span>
     <span class='ocr_line' id='line_1_42' title="bbox 809 2573 1358 2622; baseline 0.002 -2"><span class='ocrx_word' id='word_1_241' title='bbox 809 2573 958 2622; x_wconf 82' lang='lat' dir='ltr'><strong>Coneieiam</strong></span> <span class='ocrx_word' id='word_1_242' title='bbox 980 2578 1061 2622; x_wconf 79' lang='lat' dir='ltr'><strong>totum</strong></span> <span class='ocrx_word' id='word_1_243' title='bbox 1081 2576 1110 2621; x_wconf 81' lang='lat' dir='ltr'><strong>ia</strong></span> <span class='ocrx_word' id='word_1_244' title='bbox 1132 2573 1271 2621; x_wconf 81' lang='lat' dir='ltr'><strong>licentiosos</strong></span> <span class='ocrx_word' id='word_1_245' title='bbox 1287 2574 1358 2621; x_wconf 74' lang='lat' dir='ltr'><strong>riam</strong></span> 
     </span>
     <span class='ocr_line' id='line_1_43' title="bbox 806 2651 1356 2714; baseline 0.004 -15"><span class='ocrx_word' id='word_1_246' title='bbox 806 2652 957 2714; x_wconf 55' lang='lat' dir='ltr'><strong>affunditur.</strong></span> <span class='ocrx_word' id='word_1_247' title='bbox 992 2651 1077 2702; x_wconf 86' lang='lat' dir='ltr'><strong>Solent</strong></span> <span class='ocrx_word' id='word_1_248' title='bbox 1098 2652 1208 2714; x_wconf 88' lang='lat' dir='ltr'><strong>alioquin</strong></span> <span class='ocrx_word' id='word_1_249' title='bbox 1230 2652 1256 2699; x_wconf 92' lang='lat' dir='ltr'><strong>in</strong></span> <span class='ocrx_word' id='word_1_250' title='bbox 1273 2651 1356 2701; x_wconf 84' lang='lat' dir='ltr'><strong>satiris</strong></span> 
     </span>
     <span class='ocr_line' id='line_1_44' title="bbox 805 2730 1355 2794; baseline 0 -16"><span class='ocrx_word' id='word_1_251' title='bbox 805 2730 854 2779; x_wconf 85' lang='lat' dir='ltr'><strong>ista</strong></span> <span class='ocrx_word' id='word_1_252' title='bbox 879 2732 1040 2794; x_wconf 87' lang='lat' dir='ltr'><strong>exaggerari,</strong></span> <span class='ocrx_word' id='word_1_253' title='bbox 1066 2739 1095 2780; x_wconf 86' lang='lat' dir='ltr'><strong>ut</strong></span> <span class='ocrx_word' id='word_1_254' title='bbox 1119 2732 1185 2794; x_wconf 88' lang='lat' dir='ltr'><strong>apud</strong></span> <span class='ocrx_word' id='word_1_255' title='bbox 1207 2731 1355 2780; x_wconf 85' lang='lat' dir='ltr'><strong>Iuvenalem</strong></span> 
     </span>
     <span class='ocr_line' id='line_1_45' title="bbox 805 2812 1356 2872; baseline 0 -14"><span class='ocrx_word' id='word_1_256' title='bbox 805 2816 900 2872; x_wconf 82' lang='lat' dir='ltr'><strong>raptae</strong></span> <span class='ocrx_word' id='word_1_257' title='bbox 921 2812 1010 2860; x_wconf 83' lang='lat' dir='ltr'><strong>lectore</strong></span> <span class='ocrx_word' id='word_1_258' title='bbox 1029 2813 1170 2869; x_wconf 78' lang='lat' dir='ltr'><strong>colmanne,</strong></span> <span class='ocrx_word' id='word_1_259' title='bbox 1192 2817 1218 2858; x_wconf 85' lang='lat' dir='ltr'><strong>et</strong></span> <span class='ocrx_word' id='word_1_260' title='bbox 1238 2813 1356 2859; x_wconf 80' lang='lat' dir='ltr'><strong>convulsa</strong></span> 
     </span>
     <span class='ocr_line' id='line_1_46' title="bbox 806 2890 1354 2953; baseline 0.004 -17"><span class='ocrx_word' id='word_1_261' title='bbox 806 2904 934 2937; x_wconf 76' lang='lat' dir='ltr'><strong>nrarmora</strong></span> <span class='ocrx_word' id='word_1_262' title='bbox 950 2892 1071 2940; x_wconf 81' lang='lat' dir='ltr'><strong>clamant.</strong></span> <span class='ocrx_word' id='word_1_263' title='bbox 1101 2890 1170 2938; x_wconf 83' lang='lat' dir='ltr'><strong>Fieri</strong></span> <span class='ocrx_word' id='word_1_264' title='bbox 1185 2896 1266 2953; x_wconf 84' lang='lat' dir='ltr'><strong>potest</strong></span> <span class='ocrx_word' id='word_1_265' title='bbox 1283 2898 1311 2938; x_wconf 84' lang='lat' dir='ltr'><strong>ut</strong></span> <span class='ocrx_word' id='word_1_266' title='bbox 1328 2892 1354 2938; x_wconf 90' lang='lat' dir='ltr'><strong>in</strong></span> 
     </span>
     <span class='ocr_line' id='line_1_47' title="bbox 805 2968 1353 3031; baseline 0.002 -15"><span class='ocrx_word' id='word_1_267' title='bbox 805 2968 912 3016; x_wconf 85' lang='lat' dir='ltr'><strong>Horatio</strong></span> <span class='ocrx_word' id='word_1_268' title='bbox 929 2971 1031 3017; x_wconf 81' lang='lat' dir='ltr'><strong>tabulae</strong></span> <span class='ocrx_word' id='word_1_269' title='bbox 1046 2976 1130 3016; x_wconf 86' lang='lat' dir='ltr'><strong>ortum</strong></span> <span class='ocrx_word' id='word_1_270' title='bbox 1146 2969 1178 3016; x_wconf 82' lang='lat' dir='ltr'><strong>sit</strong></span> <span class='ocrx_word' id='word_1_271' title='bbox 1188 2983 1221 3016; x_wconf 87' lang='lat' dir='ltr'><strong>ex</strong></span> <span class='ocrx_word' id='word_1_272' title='bbox 1234 2969 1353 3031; x_wconf 82' lang='lat' dir='ltr'><strong>interpre-</strong></span> 
     </span>
     <span class='ocr_line' id='line_1_48' title="bbox 805 3035 1098 3096; baseline 0 -2"><span class='ocrx_word' id='word_1_273' title='bbox 805 3048 899 3096; x_wconf 79' lang='lat' dir='ltr'><strong>tatione</strong></span> <span class='ocrx_word' id='word_1_274' title='bbox 914 3035 1098 3096; x_wconf 72' lang='lat' dir='ltr'><strong>sabaeltiorum.</strong></span> 
     </span>
    </p>
   </div>
   <div class='ocr_carea' id='block_1_5' title="bbox 213 3125 1355 3588">
    <p class='ocr_par' dir='ltr' id='par_1_8' title="bbox 213 3125 1355 3588">
     <span class='ocr_line' id='line_1_49' title="bbox 214 3125 1355 3189; baseline 0 -15"><span class='ocrx_word' id='word_1_275' title='bbox 214 3126 259 3174; x_wconf 82' lang='lat' dir='ltr'><strong>tali</strong></span> <span class='ocrx_word' id='word_1_276' title='bbox 276 3127 464 3182; x_wconf 85' lang='lat' dir='ltr'><strong>iurisconsulto,</strong></span> <span class='ocrx_word' id='word_1_277' title='bbox 482 3141 558 3189; x_wconf 87' lang='lat' dir='ltr'><strong>quam</strong></span> <span class='ocrx_word' id='word_1_278' title='bbox 576 3128 648 3176; x_wconf 83' lang='lat' dir='ltr'><strong>tacite</strong></span> <span class='ocrx_word' id='word_1_279' title='bbox 661 3127 762 3177; x_wconf 81' lang='lat' dir='ltr'><strong>laudare</strong></span> <span class='ocrx_word' id='word_1_280' title='bbox 846 3125 998 3174; x_wconf 88' lang='lat' dir='ltr'><strong>Doderllnns</strong></span> <span class='ocrx_word' id='word_1_281' title='bbox 1030 3127 1149 3188; x_wconf 82' lang='lat' dir='ltr'><strong>exponit:</strong></span> <span class='ocrx_word' id='word_1_282' title='bbox 1182 3127 1355 3184; x_wconf 55' lang='lat' dir='ltr'><strong>,Absolvetnr</strong></span> 
     </span>
     <span class='ocr_line' id='line_1_50' title="bbox 214 3205 1353 3270; baseline 0.002 -17"><span class='ocrx_word' id='word_1_283' title='bbox 214 3206 283 3270; x_wconf 84' lang='lat' dir='ltr'><strong>leges</strong></span> <span class='ocrx_word' id='word_1_284' title='bbox 301 3206 377 3265; x_wconf 84' lang='lat' dir='ltr'><strong>solvi,</strong></span> <span class='ocrx_word' id='word_1_285' title='bbox 398 3221 449 3254; x_wconf 91' lang='lat' dir='ltr'><strong>non</strong></span> <span class='ocrx_word' id='word_1_286' title='bbox 465 3205 602 3266; x_wconf 79' lang='lat' dir='ltr'><strong>observari,</strong></span> <span class='ocrx_word' id='word_1_287' title='bbox 625 3207 723 3265; x_wconf 87' lang='lat' dir='ltr'><strong>violari,</strong></span> <span class='ocrx_word' id='word_1_288' title='bbox 741 3209 762 3256; x_wconf 93' lang='lat' dir='ltr'><strong>si</strong></span> <span class='ocrx_word' id='word_1_289' title='bbox 805 3221 863 3256; x_wconf 87' lang='lat' dir='ltr'><strong>reus</strong></span> <span class='ocrx_word' id='word_1_290' title='bbox 880 3221 938 3254; x_wconf 85' lang='lat' dir='ltr'><strong>cum</strong></span> <span class='ocrx_word' id='word_1_291' title='bbox 955 3208 1008 3255; x_wconf 84' lang='lat' dir='ltr'><strong>risu</strong></span> <span class='ocrx_word' id='word_1_292' title='bbox 1023 3219 1068 3268; x_wconf 86' lang='lat' dir='ltr'><strong>per</strong></span> <span class='ocrx_word' id='word_1_293' title='bbox 1084 3206 1181 3254; x_wconf 85' lang='lat' dir='ltr'><strong>tabulas</strong></span> <span class='ocrx_word' id='word_1_294' title='bbox 1198 3207 1353 3267; x_wconf 85' lang='lat' dir='ltr'><strong>iudiciarias;</strong></span> 
     </span>
     <span class='ocr_line' id='line_1_51' title="bbox 214 3284 1352 3349; baseline 0.004 -17"><span class='ocrx_word' id='word_1_295' title='bbox 214 3286 287 3347; x_wconf 88' lang='lat' dir='ltr'><strong>quis,</strong></span> <span class='ocrx_word' id='word_1_296' title='bbox 311 3285 363 3348; x_wconf 88' lang='lat' dir='ltr'><strong>ipse</strong></span> <span class='ocrx_word' id='word_1_297' title='bbox 388 3286 499 3348; x_wconf 89' lang='lat' dir='ltr'><strong>integer,</strong></span> <span class='ocrx_word' id='word_1_298' title='bbox 524 3285 601 3333; x_wconf 86' lang='lat' dir='ltr'><strong>allum</strong></span> <span class='ocrx_word' id='word_1_299' title='bbox 626 3287 762 3349; x_wconf 84' lang='lat' dir='ltr'><strong>opprobriis</strong></span> <span class='ocrx_word' id='word_1_300' title='bbox 804 3292 832 3333; x_wconf 89' lang='lat' dir='ltr'><strong>tu</strong></span> <span class='ocrx_word' id='word_1_301' title='bbox 856 3286 972 3334; x_wconf 80' lang='lat' dir='ltr'><strong>dimissm</strong></span> <span class='ocrx_word' id='word_1_302' title='bbox 993 3284 1084 3344; x_wconf 84' lang='lat' dir='ltr'><strong>abibis;</strong></span> <span class='ocrx_word' id='word_1_303' title='bbox 1109 3285 1125 3333; x_wconf 92' lang='lat' dir='ltr'><strong>i.</strong></span> <span class='ocrx_word' id='word_1_304' title='bbox 1148 3299 1169 3335; x_wconf 93' lang='lat' dir='ltr'><strong>e.</strong></span> <span class='ocrx_word' id='word_1_305' title='bbox 1187 3285 1208 3332; x_wconf 86' lang='lat' dir='ltr'><strong>si</strong></span> <span class='ocrx_word' id='word_1_306' title='bbox 1223 3292 1251 3333; x_wconf 89' lang='lat' dir='ltr'><strong>tu</strong></span> <span class='ocrx_word' id='word_1_307' title='bbox 1269 3301 1352 3336; x_wconf 84' lang='lat' dir='ltr'><strong>coram</strong></span> 
     </span>
     <span class='ocr_line' id='line_1_52' title="bbox 213 3364 1353 3428; baseline 0 -16"><span class='ocrx_word' id='word_1_308' title='bbox 213 3364 320 3428; x_wconf 86' lang='lat' dir='ltr'><strong>dignum</strong></span> <span class='ocrx_word' id='word_1_309' title='bbox 355 3365 465 3413; x_wconf 85' lang='lat' dir='ltr'><strong>carmine</strong></span> <span class='ocrx_word' id='word_1_310' title='bbox 493 3365 659 3414; x_wconf 82' lang='lat' dir='ltr'><strong>laceraverit?</strong></span> <span class='ocrx_word' id='word_1_311' title='bbox 709 3369 762 3415; x_wconf 76' lang='lat' dir='ltr'><strong>Lea</strong></span> <span class='ocrx_word' id='word_1_312' title='bbox 804 3365 925 3414; x_wconf 88' lang='lat' dir='ltr'><strong>indicibus</strong></span> <span class='ocrx_word' id='word_1_313' title='bbox 942 3366 1111 3413; x_wconf 87' lang='lat' dir='ltr'><strong>demonstrare</strong></span> <span class='ocrx_word' id='word_1_314' title='bbox 1127 3364 1219 3426; x_wconf 91' lang='lat' dir='ltr'><strong>possis,</strong></span> <span class='ocrx_word' id='word_1_315' title='bbox 1240 3367 1353 3415; x_wconf 86' lang='lat' dir='ltr'><strong>carmina</strong></span> 
     </span>
     <span class='ocr_line' id='line_1_53' title="bbox 214 3443 1351 3507; baseline 0.004 -18"><span class='ocrx_word' id='word_1_316' title='bbox 214 3450 299 3491; x_wconf 80' lang='lat' dir='ltr'><strong>eutem</strong></span> <span class='ocrx_word' id='word_1_317' title='bbox 315 3446 436 3502; x_wconf 78' lang='lat' dir='ltr'><strong>solvatur,</strong></span> <span class='ocrx_word' id='word_1_318' title='bbox 452 3459 498 3507; x_wconf 92' lang='lat' dir='ltr'><strong>pro</strong></span> <span class='ocrx_word' id='word_1_319' title='bbox 514 3444 603 3507; x_wconf 80' lang='lat' dir='ltr'><strong>aliquia</strong></span> <span class='ocrx_word' id='word_1_320' title='bbox 622 3447 673 3507; x_wconf 68' lang='lat' dir='ltr'><strong>lege</strong></span> <span class='ocrx_word' id='word_1_321' title='bbox 688 3447 762 3494; x_wconf 81' lang='lat' dir='ltr'><strong>colei-</strong></span> <span class='ocrx_word' id='word_1_322' title='bbox 804 3453 860 3503; x_wconf 85' lang='lat' dir='ltr'><strong>tua,</strong></span> <span class='ocrx_word' id='word_1_323' title='bbox 877 3444 980 3492; x_wconf 88' lang='lat' dir='ltr'><strong>utboni</strong></span> <span class='ocrx_word' id='word_1_324' title='bbox 997 3444 1092 3505; x_wconf 80' lang='lat' dir='ltr'><strong>politae,</strong></span> <span class='ocrx_word' id='word_1_325' title='bbox 1108 3443 1184 3491; x_wconf 87' lang='lat' dir='ltr'><strong>laude</strong></span> <span class='ocrx_word' id='word_1_326' title='bbox 1200 3444 1276 3505; x_wconf 85' lang='lat' dir='ltr'><strong>digna</strong></span> <span class='ocrx_word' id='word_1_327' title='bbox 1289 3459 1351 3502; x_wconf 81' lang='lat' dir='ltr'><strong>esse,</strong></span> 
     </span>
     <span class='ocr_line' id='line_1_54' title="bbox 215 3523 1350 3588; baseline 0.004 -19"><span class='ocrx_word' id='word_1_328' title='bbox 215 3528 274 3578; x_wconf 83' lang='lat' dir='ltr'><strong>tar,</strong></span> <span class='ocrx_word' id='word_1_329' title='bbox 295 3536 346 3570; x_wconf 87' lang='lat' dir='ltr'><strong>non</strong></span> <span class='ocrx_word' id='word_1_330' title='bbox 363 3530 412 3581; x_wconf 87' lang='lat' dir='ltr'><strong>est,</strong></span> <span class='ocrx_word' id='word_1_331' title='bbox 428 3530 503 3585; x_wconf 86' lang='lat' dir='ltr'><strong>puto,</strong></span> <span class='ocrx_word' id='word_1_332' title='bbox 520 3524 646 3572; x_wconf 89' lang='lat' dir='ltr'><strong>Latinum.</strong></span> <span class='ocrx_word' id='word_1_333' title='bbox 681 3524 761 3572; x_wconf 82' lang='lat' dir='ltr'><strong>Hora·</strong></span> <span class='ocrx_word' id='word_1_334' title='bbox 802 3539 848 3574; x_wconf 90' lang='lat' dir='ltr'><strong>nec</strong></span> <span class='ocrx_word' id='word_1_335' title='bbox 864 3532 949 3573; x_wconf 85' lang='lat' dir='ltr'><strong>tamen</strong></span> <span class='ocrx_word' id='word_1_336' title='bbox 964 3523 1039 3582; x_wconf 87' lang='lat' dir='ltr'><strong>mala,</strong></span> <span class='ocrx_word' id='word_1_337' title='bbox 1054 3524 1137 3587; x_wconf 89' lang='lat' dir='ltr'><strong>qualia</strong></span> <span class='ocrx_word' id='word_1_338' title='bbox 1153 3524 1210 3588; x_wconf 85' lang='lat' dir='ltr'><strong>lege</strong></span> <span class='ocrx_word' id='word_1_339' title='bbox 1227 3531 1350 3584; x_wconf 84' lang='lat' dir='ltr'><strong>vetantur,</strong></span> 
     </span>
    </p>
   </div>
   <div class='ocr_carea' id='block_1_6' title="bbox 214 3600 762 3811">
    <p class='ocr_par' dir='ltr' id='par_1_9' title="bbox 214 3600 762 3811">
     <span class='ocr_line' id='line_1_55' title="bbox 214 3600 761 3660; baseline 0.005 -12"><span class='ocrx_word' id='word_1_340' title='bbox 214 3600 263 3648; x_wconf 87' lang='lat' dir='ltr'><strong>tias</strong></span> <span class='ocrx_word' id='word_1_341' title='bbox 281 3600 371 3660; x_wconf 85' lang='lat' dir='ltr'><strong>voluit,</strong></span> <span class='ocrx_word' id='word_1_342' title='bbox 396 3602 423 3649; x_wconf 95' lang='lat' dir='ltr'><strong>ni</strong></span> <span class='ocrx_word' id='word_1_343' title='bbox 440 3602 522 3651; x_wconf 85' lang='lat' dir='ltr'><strong>fallor:</strong></span> <span class='ocrx_word' id='word_1_344' title='bbox 545 3603 644 3651; x_wconf 84' lang='lat' dir='ltr'><strong>Indices</strong></span> <span class='ocrx_word' id='word_1_345' title='bbox 660 3603 687 3650; x_wconf 91' lang='lat' dir='ltr'><strong>in</strong></span> <span class='ocrx_word' id='word_1_346' title='bbox 703 3617 761 3651; x_wconf 90' lang='lat' dir='ltr'><strong>eum</strong></span> 
     </span>
     <span class='ocr_line' id='line_1_56' title="bbox 214 3683 760 3742; baseline 0.007 -14"><span class='ocrx_word' id='word_1_347' title='bbox 214 3695 266 3729; x_wconf 89' lang='lat' dir='ltr'><strong>non</strong></span> <span class='ocrx_word' id='word_1_348' title='bbox 288 3689 361 3730; x_wconf 85' lang='lat' dir='ltr'><strong>erunt</strong></span> <span class='ocrx_word' id='word_1_349' title='bbox 381 3683 473 3741; x_wconf 85' lang='lat' dir='ltr'><strong>severi,</strong></span> <span class='ocrx_word' id='word_1_350' title='bbox 495 3683 624 3742; x_wconf 88' lang='lat' dir='ltr'><strong>ridebunt,</strong></span> <span class='ocrx_word' id='word_1_351' title='bbox 644 3690 669 3731; x_wconf 88' lang='lat' dir='ltr'><strong>et</strong></span> <span class='ocrx_word' id='word_1_352' title='bbox 690 3697 760 3732; x_wconf 86' lang='lat' dir='ltr'><strong>reum</strong></span> 
     </span>
     <span class='ocr_line' id='line_1_57' title="bbox 214 3761 762 3811; baseline 0.002 -2"><span class='ocrx_word' id='word_1_353' title='bbox 214 3762 317 3810; x_wconf 87' lang='lat' dir='ltr'><strong>missum</strong></span> <span class='ocrx_word' id='word_1_354' title='bbox 340 3761 436 3811; x_wconf 84' lang='lat' dir='ltr'><strong>facient.</strong></span> <span class='ocrx_word' id='word_1_355' title='bbox 469 3761 588 3810; x_wconf 88' lang='lat' dir='ltr'><strong>Horatius</strong></span> <span class='ocrx_word' id='word_1_356' title='bbox 614 3763 696 3810; x_wconf 84' lang='lat' dir='ltr'><strong>minus</strong></span> <span class='ocrx_word' id='word_1_357' title='bbox 721 3762 762 3810; x_wconf 93' lang='lat' dir='ltr'><strong>ob·</strong></span> 
     </span>
    </p>
   </div>
   <div class='ocr_carea' id='block_1_7' title="bbox 804 3603 1350 3668">
    <p class='ocr_par' dir='ltr' id='par_1_10' title="bbox 804 3603 1350 3668">
     <span class='ocr_line' id='line_1_58' title="bbox 804 3603 1350 3668; baseline 0.002 -14"><span class='ocrx_word' id='word_1_358' title='bbox 804 3604 952 3661; x_wconf 86' lang='lat' dir='ltr'><strong>absolveris,</strong></span> <span class='ocrx_word' id='word_1_359' title='bbox 969 3603 1029 3652; x_wconf 91' lang='lat' dir='ltr'><strong>dum</strong></span> <span class='ocrx_word' id='word_1_360' title='bbox 1046 3603 1137 3652; x_wconf 90' lang='lat' dir='ltr'><strong>iudices</strong></span> <span class='ocrx_word' id='word_1_361' title='bbox 1154 3605 1237 3668; x_wconf 87' lang='lat' dir='ltr'><strong>etqui</strong></span> <span class='ocrx_word' id='word_1_362' title='bbox 1253 3613 1350 3654; x_wconf 88' lang='lat' dir='ltr'><strong>senten-</strong></span> 
     </span>
    </p>
   </div>
   <div class='ocr_carea' id='block_1_8' title="bbox 803 3683 1435 3749">
    <p class='ocr_par' dir='ltr' id='par_1_11' title="bbox 803 3683 1435 3749">
     <span class='ocr_line' id='line_1_59' title="bbox 803 3683 1435 3749; baseline -0.005 -15"><span class='ocrx_word' id='word_1_363' title='bbox 803 3685 863 3734; x_wconf 90' lang='lat' dir='ltr'><strong>tiam</strong></span> <span class='ocrx_word' id='word_1_364' title='bbox 884 3683 1002 3742; x_wconf 88' lang='lat' dir='ltr'><strong>aadiunt,</strong></span> <span class='ocrx_word' id='word_1_365' title='bbox 1023 3683 1111 3732; x_wconf 89' lang='lat' dir='ltr'><strong>rident.</strong></span> <span class='ocrx_word' id='word_1_366' title='bbox 1146 3687 1212 3733; x_wconf 81' lang='lat' dir='ltr'><strong>Risu</strong></span> <span class='ocrx_word' id='word_1_367' title='bbox 1232 3700 1277 3749; x_wconf 92' lang='lat' dir='ltr'><strong>pro</strong></span> <span class='ocrx_word' id='word_1_368' title='bbox 1293 3702 1350 3736; x_wconf 82' lang='lat' dir='ltr'><strong>cum</strong></span> <span class='ocrx_word' id='word_1_369' title='bbox 1433 3728 1435 3731; x_wconf 88' lang='lat'>.</span> 
     </span>
    </p>
   </div>
   <div class='ocr_carea' id='block_1_9' title="bbox 802 3761 1349 3829">
    <p class='ocr_par' dir='ltr' id='par_1_12' title="bbox 802 3761 1349 3829">
     <span class='ocr_line' id='line_1_60' title="bbox 802 3761 1349 3829; baseline -0.004 -16"><span class='ocrx_word' id='word_1_370' title='bbox 802 3768 870 3823; x_wconf 74' lang='lat' dir='ltr'><strong>ritu,</strong></span> <span class='ocrx_word' id='word_1_371' title='bbox 892 3769 922 3810; x_wconf 83' lang='lat' dir='ltr'><strong>ut</strong></span> <span class='ocrx_word' id='word_1_372' title='bbox 938 3763 1021 3811; x_wconf 84' lang='lat' dir='ltr'><strong>Tacit.</strong></span> <span class='ocrx_word' id='word_1_373' title='bbox 1037 3761 1104 3811; x_wconf 79' lang='lat' dir='ltr'><strong>Hist.</strong></span> <span class='ocrx_word' id='word_1_374' title='bbox 1121 3763 1157 3812; x_wconf 89' lang='grc' dir='ltr'><strong>Π.</strong></span> <span class='ocrx_word' id='word_1_375' title='bbox 1174 3765 1214 3816; x_wconf 89' lang='grc'><strong>70.</strong></span> <span class='ocrx_word' id='word_1_376' title='bbox 1253 3767 1349 3829; x_wconf 64' lang='lat' dir='ltr'><strong>Vulgus</strong></span> 
     </span>
    </p>
   </div>
   <div class='ocr_carea' id='block_1_10' title="bbox 213 3842 1273 3905">
    <p class='ocr_par' dir='ltr' id='par_1_13' title="bbox 213 3842 1273 3905">
     <span class='ocr_line' id='line_1_61' title="bbox 213 3842 1273 3905; baseline 0.003 -15"><span class='ocrx_word' id='word_1_377' title='bbox 213 3856 287 3890; x_wconf 86' lang='lat' dir='ltr'><strong>scura</strong></span> <span class='ocrx_word' id='word_1_378' title='bbox 303 3843 449 3905; x_wconf 84' lang='lat' dir='ltr'><strong>scripsisset:</strong></span> <span class='ocrx_word' id='word_1_379' title='bbox 478 3845 613 3894; x_wconf 68' lang='lat' dir='ltr'><strong>solventur</strong></span> <span class='ocrx_word' id='word_1_380' title='bbox 635 3845 691 3892; x_wconf 79' lang='lat' dir='ltr'><strong>risa</strong></span> <span class='ocrx_word' id='word_1_381' title='bbox 707 3846 762 3893; x_wconf 75' lang='lat' dir='ltr'><strong>aab·</strong></span> <span class='ocrx_word' id='word_1_382' title='bbox 802 3846 912 3894; x_wconf 82' lang='lat' dir='ltr'><strong>clamore</strong></span> <span class='ocrx_word' id='word_1_383' title='bbox 928 3847 952 3891; x_wconf 89' lang='lat' dir='ltr'><strong>et</strong></span> <span class='ocrx_word' id='word_1_384' title='bbox 968 3843 1061 3904; x_wconf 67' lang='lat' dir='ltr'><strong>gaudio</strong></span> <span class='ocrx_word' id='word_1_385' title='bbox 1077 3842 1207 3905; x_wconf 78' lang='lat' dir='ltr'><strong>deflectere</strong></span> <span class='ocrx_word' id='word_1_386' title='bbox 1222 3847 1273 3893; x_wconf 81' lang='lat' dir='ltr'><strong>vin.</strong></span> 
     </span>
    </p>
   </div>
   <div class='ocr_carea' id='block_1_11' title="bbox 718 3950 860 3978">
    <p class='ocr_par' dir='ltr' id='par_1_14' title="bbox 718 3950 860 3978">
     <span class='ocr_line' id='line_1_62' title="bbox 718 3950 860 3978; baseline -0.021 0"><span class='ocrx_word' id='word_1_387' title='bbox 718 3950 860 3978; x_wconf 57' lang='lat' dir='ltr'><strong>«ooo—-</strong></span> 
     </span>
    </p>
   </div>
   <div class='ocr_carea' id='block_1_12' title="bbox 630 4042 937 4110">
    <p class='ocr_par' dir='ltr' id='par_1_15' title="bbox 630 4042 937 4110">
     <span class='ocr_line' id='line_1_63' title="bbox 630 4042 937 4110; baseline -0.013 0"><span class='ocrx_word' id='word_1_388' title='bbox 630 4043 847 4110; x_wconf 77' lang='lat' dir='ltr'>SATIRA</span> <span class='ocrx_word' id='word_1_389' title='bbox 893 4042 937 4106; x_wconf 92' lang='grc' dir='ltr'><strong>ΙΙ.</strong></span> 
     </span>
    </p>
   </div>
   <div class='ocr_carea' id='block_1_13' title="bbox 305 4153 1208 4257">
    <p class='ocr_par' dir='ltr' id='par_1_16' title="bbox 305 4153 1208 4257">
     <span class='ocr_line' id='line_1_64' title="bbox 305 4153 1208 4257; baseline -0.006 -19"><span class='ocrx_word' id='word_1_390' title='bbox 305 4153 402 4238; x_wconf 80' lang='lat' dir='ltr'><strong>Quae</strong></span> <span class='ocrx_word' id='word_1_391' title='bbox 425 4171 528 4236; x_wconf 87' lang='lat' dir='ltr'><strong>virtus</strong></span> <span class='ocrx_word' id='word_1_392' title='bbox 554 4176 587 4236; x_wconf 84' lang='lat' dir='ltr'><strong>et</strong></span> <span class='ocrx_word' id='word_1_393' title='bbox 609 4177 748 4257; x_wconf 87' lang='lat' dir='ltr'><strong>quanta,</strong></span> <span class='ocrx_word' id='word_1_394' title='bbox 772 4170 869 4250; x_wconf 83' lang='lat' dir='ltr'><strong>boni,</strong></span> <span class='ocrx_word' id='word_1_395' title='bbox 896 4168 941 4232; x_wconf 87' lang='lat' dir='ltr'><strong>sit</strong></span> <span class='ocrx_word' id='word_1_396' title='bbox 963 4168 1070 4233; x_wconf 89' lang='lat' dir='ltr'><strong>vivere</strong></span> <span class='ocrx_word' id='word_1_397' title='bbox 1093 4191 1208 4254; x_wconf 82' lang='lat' dir='ltr'><strong>parvo,</strong></span> 
     </span>
    </p>
   </div>
   <div class='ocr_carea' id='block_1_14' title="bbox 213 4308 1346 4621">
    <p class='ocr_par' dir='ltr' id='par_1_17' title="bbox 799 4308 1346 4456">
     <span class='ocr_line' id='line_1_65' title="bbox 799 4308 1346 4372; baseline 0.009 -16"><span class='ocrx_word' id='word_1_398' title='bbox 799 4308 914 4367; x_wconf 88' lang='lat' dir='ltr'><strong>solitum,</strong></span> <span class='ocrx_word' id='word_1_399' title='bbox 930 4309 1053 4368; x_wconf 88' lang='lat' dir='ltr'><strong>subitum,</strong></span> <span class='ocrx_word' id='word_1_400' title='bbox 1069 4310 1209 4372; x_wconf 87' lang='lat' dir='ltr'><strong>abruptum.</strong></span> <span class='ocrx_word' id='word_1_401' title='bbox 1240 4312 1297 4360; x_wconf 90' lang='lat' dir='ltr'><strong>Non</strong></span> <span class='ocrx_word' id='word_1_402' title='bbox 1312 4314 1346 4361; x_wconf 84' lang='lat' dir='ltr'><strong>ita</strong></span> 
     </span>
     <span class='ocr_line' id='line_1_66' title="bbox 799 4389 1345 4456; baseline 0.013 -20"><span class='ocrx_word' id='word_1_403' title='bbox 799 4389 900 4451; x_wconf 87' lang='lat' dir='ltr'><strong>ponitur</strong></span> <span class='ocrx_word' id='word_1_404' title='bbox 910 4389 937 4437; x_wconf 90' lang='lat' dir='ltr'><strong>in</strong></span> <span class='ocrx_word' id='word_1_405' title='bbox 946 4390 1068 4453; x_wconf 88' lang='lat' dir='ltr'><strong>principio</strong></span> <span class='ocrx_word' id='word_1_406' title='bbox 1078 4391 1202 4449; x_wconf 87' lang='lat' dir='ltr'><strong>orationis,</strong></span> <span class='ocrx_word' id='word_1_407' title='bbox 1213 4393 1257 4440; x_wconf 86' lang='lat' dir='ltr'><strong>sed</strong></span> <span class='ocrx_word' id='word_1_408' title='bbox 1268 4408 1345 4456; x_wconf 88' lang='lat' dir='ltr'><strong>quum</strong></span> 
     </span>
    </p>

    <p class='ocr_par' dir='ltr' id='par_1_18' title="bbox 213 4430 1345 4621">
     <span class='ocr_line' id='line_1_67' title="bbox 252 4430 1345 4543; baseline 0.005 -29"><span class='ocrx_word' id='word_1_409' title='bbox 252 4430 340 4543; x_wconf 72' lang='lat' dir='ltr'><strong>Quae</strong></span> <span class='ocrx_word' id='word_1_410' title='bbox 360 4468 443 4516; x_wconf 78' lang='lat' dir='ltr'><strong>virtus</strong></span> <span class='ocrx_word' id='word_1_411' title='bbox 465 4471 617 4528; x_wconf 69' lang='lat' dir='ltr'><strong>etantanto,</strong></span> <span class='ocrx_word' id='word_1_412' title='bbox 639 4468 708 4521; x_wconf 82' lang='lat' dir='ltr'><strong>boni,</strong></span> <span class='ocrx_word' id='word_1_413' title='bbox 725 4469 760 4515; x_wconf 81' lang='lat' dir='ltr'><strong>sa&#39;t</strong></span> <span class='ocrx_word' id='word_1_414' title='bbox 799 4481 853 4525; x_wconf 86' lang='lat' dir='ltr'><strong>eos,</strong></span> <span class='ocrx_word' id='word_1_415' title='bbox 875 4482 936 4531; x_wconf 87' lang='lat' dir='ltr'><strong>quos</strong></span> <span class='ocrx_word' id='word_1_416' title='bbox 953 4468 1114 4532; x_wconf 82' lang='lat' dir='ltr'><strong>alloquimur,</strong></span> <span class='ocrx_word' id='word_1_417' title='bbox 1133 4469 1182 4518; x_wconf 88' lang='lat' dir='ltr'><strong>iam</strong></span> <span class='ocrx_word' id='word_1_418' title='bbox 1200 4485 1232 4519; x_wconf 87' lang='lat' dir='ltr'><strong>ex</strong></span> <span class='ocrx_word' id='word_1_419' title='bbox 1249 4487 1345 4535; x_wconf 80' lang='lat' dir='ltr'><strong>praeee-</strong></span> 
     </span>
     <span class='ocr_line' id='line_1_68' title="bbox 213 4543 1345 4621; baseline 0.004 -27"><span class='ocrx_word' id='word_1_420' title='bbox 213 4548 297 4596; x_wconf 78' lang='lat' dir='ltr'><strong>oioere</strong></span> <span class='ocrx_word' id='word_1_421' title='bbox 311 4561 398 4608; x_wconf 81' lang='lat' dir='ltr'><strong>perna.</strong></span> <span class='ocrx_word' id='word_1_422' title='bbox 432 4547 464 4594; x_wconf 91' lang='lat' dir='ltr'><strong>In</strong></span> <span class='ocrx_word' id='word_1_423' title='bbox 481 4547 539 4595; x_wconf 79' lang='lat' dir='ltr'><strong>boni</strong></span> <span class='ocrx_word' id='word_1_424' title='bbox 554 4550 593 4593; x_wconf 86' lang='lat' dir='ltr'><strong>est</strong></span> <span class='ocrx_word' id='word_1_425' title='bbox 609 4543 701 4607; x_wconf 84' lang='lat' dir='ltr'><strong>aliquid</strong></span> <span class='ocrx_word' id='word_1_426' title='bbox 722 4545 757 4592; x_wconf 91' lang='lat' dir='ltr'><strong>in·</strong></span> <span class='ocrx_word' id='word_1_427' title='bbox 778 4574 780 4603; x_wconf 54' lang='grc' dir='ltr'>ς</span> <span class='ocrx_word' id='word_1_428' title='bbox 799 4546 913 4595; x_wconf 87' lang='lat' dir='ltr'><strong>dentibus</strong></span> <span class='ocrx_word' id='word_1_429' title='bbox 937 4546 1113 4611; x_wconf 82' lang='lat' dir='ltr'><strong>cognovimus,</strong></span> <span class='ocrx_word' id='word_1_430' title='bbox 1135 4551 1199 4598; x_wconf 81' lang='lat' dir='ltr'><strong>unde</strong></span> <span class='ocrx_word' id='word_1_431' title='bbox 1216 4563 1345 4621; x_wconf 78' lang='lat' dir='ltr'><strong>appareat,</strong></span> 
     </span>
    </p>
   </div>
   <div class='ocr_carea' id='block_1_15' title="bbox 1149 4633 1166 4693">
    <p class='ocr_par' dir='ltr' id='par_1_19' title="bbox 1149 4633 1166 4693">
     <span class='ocr_line' id='line_1_69' title="bbox 1149 4633 1166 4693; baseline 0 0"><span class='ocrx_word' id='word_1_432' title='bbox 1149 4633 1166 4693; x_wconf 83' lang='lat'><strong>7</strong></span> 
     </span>
    </p>
   </div>
   <div class='ocr_carea' id='block_1_16' title="bbox 390 4335 585 4385">
    <p class='ocr_par' dir='ltr' id='par_1_20' title="bbox 390 4335 585 4385">
     <span class='ocr_line' id='line_1_70' title="bbox 390 4335 585 4385; baseline -0.01 0"><span class='ocrx_word' id='word_1_433' title='bbox 390 4335 526 4385; x_wconf 82' lang='lat' dir='ltr'><strong>SATIRA</strong></span> <span class='ocrx_word' id='word_1_434' title='bbox 548 4336 585 4383; x_wconf 91' lang='grc' dir='ltr'><strong>ΙΙ.</strong></span> 
     </span>
    </p>
   </div>
   <div class='ocr_carea' id='block_1_17' title="bbox 0 0 1776 5634">
    <p class='ocr_par' dir='ltr' id='par_1_21' title="bbox 0 0 1776 5634">
     <span class='ocr_line' id='line_1_71' title="bbox 0 0 1776 5634; baseline 0 6"><span class='ocrx_word' id='word_1_435' title='bbox 0 0 1776 5634; x_wconf 95' lang='lat' dir='ltr'><strong> </strong></span> 
     </span>
    </p>
   </div>
  </div>
 </body>
</html>
