3542 5634
664 483 846 550 LIBER
892 488 917 550 I.

269 665 403 731 Oaldior
424 669 495 732 est?
517 689 606 734 acres
629 669 714 736 inter
735 678 932 738 numeretur.
982 673 1107 758 Opinor

269 768 360 832 Haec
383 791 433 834 res
457 776 491 835 et
513 770 641 857 iungit,
666 773 794 840 iunctos
820 781 853 840 et
876 782 984 841 servat
1007 777 1139 842 amicos.

265 870 313 935 At
336 892 396 936 nos
419 873 558 940 virtutes
581 876 670 961 ipsas
694 877 889 946 invertimus
915 886 1012 966 atque

267 972 437 1040 Sincerum
460 977 611 1062 cupimus
635 1001 692 1046 vas
716 981 906 1048 incrustare.
956 984 1081 1049 Probus
1105 984 1178 1069 quis

262 1076 446 1142 Nobiscum
468 1080 570 1164 vivit,
594 1083 738 1148 multum
762 1085 925 1152 demissus
950 1088 1062 1152 homo:
1088 1087 1140 1150 illi

166 1203 174 1210 ·
263 1180 366 1246 Turdo
390 1202 571 1266 cognomen
593 1185 712 1271 pingui
736 1187 860 1253 damus.
910 1189 975 1254 Hic
998 1189 1087 1275 fugit
1111 1211 1223 1254 omnes

264 1283 421 1366 Insidias,
446 1284 595 1371 nullique
617 1290 706 1355 malo
729 1292 817 1358 latus
841 1292 936 1358 obdit
959 1298 1125 1378 apertum,

264 1384 373 1465 Quum
395 1408 501 1472 genus
524 1390 585 1455 hoc
608 1391 804 1462 interritae
828 1400 991 1480 versetur,
1016 1396 1074 1462 ubi
1097 1396 1180 1462 acris

263 1486 394 1554 Invidia
416 1495 514 1576 atque
537 1492 652 1579 vigent
674 1497 732 1562 ubi
755 1498 912 1582 crimina,
935 1521 995 1585 pro
1018 1500 1101 1565 bene
1124 1520 1204 1564 sano

260 1590 310 1656 Ao
334 1613 401 1657 non
424 1593 557 1664 incauto
579 1598 696 1665 fictum
719 1608 934 1688 astutumque
956 1625 1121 1669 vocemus.

263 1693 450 1780 Simplicior
473 1700 546 1784 quis
570 1706 604 1766 et
627 1709 694 1787 est,
719 1706 851 1790 qualem
874 1729 927 1772 me
951 1730 1047 1792 saepe
1070 1708 1210 1773 libenter

261 1795 447 1865 Obtulerim
469 1802 552 1886 tibi,
578 1805 767 1887 Maecenas,
792 1817 831 1875 ut
853 1809 937 1876 forte
959 1812 1126 1896 legentem

259 1900 331 1966 Aut
353 1904 494 1970 tacitum
518 1907 669 1994 impellat
689 1912 804 1997 quovis
828 1917 998 1980 sermone?
1022 1915 1226 1998 ‚‚MolestuS‚

262 2003 438 2071 Communi
461 2032 560 2076 sensu
582 2013 680 2098 plane
703 2020 833 2099 caret,“
858 2017 1035 2103 inquimus.
1084 2019 1196 2099 Eheu,

261 2089 367 2185 Quam
390 2117 511 2181 temere
533 2115 569 2180 in
593 2124 724 2184 nosmet
744 2119 852 2205 legem
876 2123 1041 2188 sancimus
1065 2120 1232 2206 iniquam!

259 2208 347 2275 Nam
369 2214 461 2283 vitiis
485 2241 581 2285 nemo
604 2220 676 2287 sine
700 2223 863 2307 nascitur,
889 2226 1033 2310 optimus
1058 2225 1114 2290 ille
1138 2231 1189 2289 est

261 2310 326 2391 Qui
347 2317 496 2386 minimis
518 2330 661 2409 urgetur.
709 2327 846 2393 Amicus
871 2328 996 2412 dulcis,
1020 2334 1059 2393 ut
1082 2348 1223 2413 aequum
1246 2331 1313 2407 est,

262 2414 371 2494 Quum
395 2442 469 2487 mea
491 2436 681 2512 compenset
703 2431 795 2496 vitiis
818 2432 923 2511 bona,
947 2432 1096 2518 pluribus
1120 2431 1210 2496 hisce

212 2582 239 2623 et
262 2573 361 2625 (lortius
387 2581 419 2627 ad
444 2580 544 2631 Sallust.
566 2581 640 2631 Catss.
665 2580 705 2628 br.
730 2580 761 2629 lb

213 2654 410 2717 explicaverunt.
434 2661 556 2722 Figurate
572 2662 640 2709 notio
659 2663 761 2711 corticis

212 2742 317 2796 apparet
333 2750 366 2784 ex
382 2737 499 2786 Varrone
516 2740 582 2802 apud
590 2739 701 2788 Nonium
709 2739 760 2789 111.

211 2811 253 2860 ol.
276 2816 321 2864 Sic
344 2816 455 2864 invitata
480 2827 585 2866 matura
604 2821 691 2867 eninm
707 2834 759 2868 cor·

210 2907 316 2954 pureum
326 2895 442 2943 corticem
447 2894 531 2957 facile
542 2898 671 2958 relinquit.
687 2896 761 2946 sons.

211 2970 359 3034 interpretes
376 2973 408 3019 ad
426 2973 529 3022 Lucret.
546 2975 596 3024 IV.
612 2976 652 3026 47.

247 3048 354 3098 Caldior
370 3050 429 3098 eet?
445 3065 516 3100 aeres
526 3054 596 3101 inter
607 3059 761 3112 numeretur,

209 3128 307 3188 opinor.
335 3126 368 3174 In
389 3126 493 3190 vulgato
517 3130 605 3179 ordine
628 3145 760 3191 versuum,

210 3207 301 3266 opinor
319 3205 425 3255 refertur
442 3209 474 3256 ad
493 3210 566 3260 Haeo
581 3217 657 3259 reret
668 3213 759 3274 irrupit,

210 3287 309 3334 iunctos
325 3290 351 3334 et
368 3294 452 3335 meat
468 3290 567 3338 amicos.
600 3288 638 3337 At
654 3289 679 3336 in
691 3296 760 3337 vetu-

210 3362 255 3410 stis
263 3364 321 3412 edit,
330 3366 400 3413 inter
407 3372 563 3426 numeretur,
572 3370 669 3430 opinor.
686 3371 761 3420 Haec

210 3455 252 3488 res
269 3455 305 3505 sq.

247 3521 393 3584 Simplicior
417 3527 473 3586 quis
495 3533 521 3574 et
541 3532 592 3586 est,
607 3529 705 3590 qualem
722 3543 761 3577 me

211 3613 286 3662 saepe
302 3601 407 3649 libenter
423 3604 555 3653 obtulerim
577 3607 640 3664 tibi,
664 3604 760 3655 Itinere·

210 3691 264 3725 nae.
292 3678 361 3727 Haec
378 3687 402 3729 et
418 3683 545 3745 sequentia
562 3683 706 3748 interpretes
717 3700 760 3733 va·

210 3754 255 3804 riis
271 3757 351 3805 modis
367 3758 535 3810 distinxerunt
550 3769 575 3810 et
585 3771 760 3827 exposuerunt.

211 3833 353 3885 Meinekius
370 3838 453 3901 iungit
473 3841 587 3903 impellat
603 3843 691 3904 quouis
710 3858 759 3892 ser·

210 3927 293 3970 mone,
309 3922 337 3962 ut
353 3915 410 3976 alii,
427 3925 452 3966 et
467 3919 633 3969 coniecturam
644 3920 761 3969 Horkelii

210 3994 316 4041 licenter
337 3995 372 4042 ita
394 3995 491 4055 laudat,
513 4004 542 4046 nt
565 4013 619 4047 eam
640 4001 761 4062 recepisse

211 4068 294 4119 vellet.
328 4073 464 4123 Horlrelius
481 4077 517 4124 sic
533 4077 653 4140 explicat:
671 4079 760 4127 Licen-

210 4158 249 4198 ter
265 4151 333 4200 enim
349 4155 402 4216 agit
420 4156 455 4213 is,
471 4157 515 4220 qui
526 4171 556 4206 ea
566 4158 613 4207 sibi
624 4158 699 4207 licere
709 4160 760 4222 opi·

210 4235 297 4290 natur,
313 4246 379 4295 quae
394 4249 447 4283 non
467 4236 550 4285 licent.
585 4238 702 4301 Apitzius
725 4238 760 4288 le·

211 4309 261 4371 git:
290 4311 380 4360 libenti
407 4312 509 4378 ἀσμένῳ
536 4333 584 4365 σοι.
627 4317 760 4377 Horatius,

209 4394 284 4450 puto,
299 4389 345 4439 hoc
361 4392 452 4441 voluit:
476 4393 622 4455 Simplicior
642 4398 714 4459 quie,
736 4402 761 4446 et

208 4473 260 4525 eet,
276 4472 375 4531 qualem
392 4488 430 4522 me
446 4487 519 4536 saepe
535 4475 641 4524 libenter
660 4477 761 4525 obrute·

801 2578 851 2625 rim
868 2578 925 2635 tibi,
947 2577 981 2625 Μ
980 2591 1089 2635 aecenua,
1099 2583 1145 2626 aut
1151 2576 1224 2640 ferte
1237 2578 1355 2638 tepentem

805 2657 860 2705 Aut
872 2658 978 2706 taciturn
989 2657 1114 2718 impellit?
1131 2653 1355 2718 ‚,quorisfeermone

803 2737 933 2795 molestus,
953 2736 1084 2785 Communi
1100 2740 1125 2784 et
1141 2748 1212 2784 sensu
1227 2735 1305 2797 plane
1315 2747 1355 2780 co-

801 2817 865 2861 ret.“
881 2816 1015 2877 inquimus.
1051 2816 1098 2864 Est
1115 2812 1204 2877 aliquis
1216 2811 1353 2886 simplicior

801 2899 825 2940 et
841 2892 898 2941 talis
915 2893 1014 2956 qualem
1031 2909 1071 2942 me
1088 2908 1160 2957 saepe
1176 2893 1282 2941 libenter
1299 2889 1353 2950 tibi,

801 2983 816 3016 o
837 2972 983 3031 Maecenas,
1008 2973 1152 3029 obtulerim,
1177 2973 1199 3021 si
1222 2973 1352 3026 auderem,

801 3055 845 3095 aut
865 3049 928 3097 forte
948 3050 1071 3113 legentem
1089 3057 1131 3098 aut
1148 3051 1250 3098 taciturn
1267 3047 1351 3111 impel·

801 3125 846 3174 lit?
879 3128 946 3177 Eum
963 3131 1118 3177 nominamus
1136 3129 1223 3192 quovis
1240 3141 1353 3176 sermone

800 3205 948 3269 molestum,
960 3221 1082 3271 sensuque
1093 3207 1220 3254 communi
1229 3206 1303 3269 plane
1314 3221 1352 3254 ca·

800 3293 904 3335 rentem.
938 3286 1058 3335 Horatius
1078 3286 1136 3334 inde
1157 3300 1173 3332 a
1189 3299 1226 3334 rs.
1244 3286 1283 3334 55.
1300 3288 1351 3333 alr·

801 3371 867 3414 tuter
882 3367 953 3428 ipsus
970 3367 1130 3424 invertimus,
1148 3364 1219 3413 illum
1235 3381 1259 3413 v.
1271 3378 1291 3412 c.
1308 3365 1351 3427 qui

799 3443 890 3506 probus
907 3443 1035 3492 nobiscum
1052 3445 1128 3502 vivit,
1146 3442 1296 3506 appellantes
1307 3443 1350 3491 ho·

801 3523 894 3570 minem
916 3522 988 3570 valde
1005 3525 1149 3582 demissum,
1171 3522 1203 3570 ab
1224 3536 1253 3570 eo
1274 3522 1351 3584 igitur

802 3616 876 3650 versu
898 3601 1008 3672 &quitur
1030 3603 1060 3650 de
1082 3601 1240 3665 qualitatibus
1262 3601 1351 3662 animi;

802 3695 866 3744 quae
882 3681 952 3729 laudi
968 3682 1050 3744 potius
1067 3696 1140 3744 quam
1152 3680 1218 3743 {vitio
1229 3680 1286 3729 duci
1296 3695 1350 3743 pos-

802 3768 867 3809 sunt.
894 3761 935 3808 lta
951 3761 1099 3821 sirnplicitas
1116 3774 1213 3823 quoque
1228 3766 1265 3808 est
1276 3775 1350 3823 quae=

802 3840 859 3886 dem
875 3838 968 3898 virtus,
985 3852 1031 3886 nec
1042 3839 1088 3886 illa
1098 3839 1175 3887 animi
1186 3838 1290 3896 affectio,
1302 3853 1351 3902 qua

801 3918 920 3966 Horatius
937 3931 1010 3980 saepe
1025 3917 1129 3966 libenter
1146 3918 1264 3966 adversus
1281 3919 1350 3966 Mae·

800 4003 911 4053 cenatum
927 3997 965 4044 uti
981 3996 1069 4056 vellet,
1092 4003 1129 4044 est
1150 3997 1247 4045 vidum.
1281 3997 1350 4046 Talis

801 4082 903 4131 natura,
928 4075 1026 4123 etiamsi
1047 4074 1170 4122 interdum
1198 4089 1230 4122 ex
1258 4091 1350 4139 magno

802 4153 877 4201 amici
898 4151 980 4200 studio
1002 4159 1026 4200 et
1048 4167 1145 4212 amore,
1167 4155 1246 4201 amico
1265 4155 1349 4202 minus

802 4232 910 4281 iucunda
925 4245 978 4280 esse
994 4232 1083 4294 possit,
1105 4245 1154 4280 non
1172 4239 1208 4280 est
1224 4234 1349 4284 mendosa.

801 4310 953 4361 Doderlinus
970 4324 1066 4374 quoque
1083 4311 1118 4360 sic
1134 4313 1217 4362 edidit.

838 4391 904 4440 Cum
915 4405 970 4439 mea
982 4397 1120 4455 compenset
1130 4393 1200 4442 uitiis
1211 4395 1283 4453 bonu,
1291 4397 1349 4458 plu·

802 4474 872 4521 ribrea
890 4472 956 4521 bisce
982 4473 1012 4521 Si
1029 4473 1099 4520 modo
1113 4474 1192 4534 plura
1208 4475 1271 4523 mibi
1288 4477 1350 4524 bona
