3542 5634
674 577 861 641 LIBER
906 577 930 640 I.

268 765 366 830 Iratis
391 769 558 830 exstructa
581 764 673 830 dedit
695 764 845 851 risusque
868 765 1036 850 iocosque,

267 869 357 934 Dum
383 869 518 934 flamma
541 868 613 934 sine
636 872 710 933 tura
732 868 910 954 liquescere
932 867 1047 932 limine
1071 887 1160 932 sacro

269 972 467 1038 Persuadere
491 970 591 1057 cupit.
641 969 761 1036 Credat
784 971 924 1036 Iudaeus
948 969 1085 1056 Apella,

266 1075 342 1140 Non
364 1095 441 1160 eg03
467 1095 610 1159 namque
633 1074 710 1138 deos
731 1073 832 1138 didici
854 1095 1003 1139 securum
1027 1094 1122 1158 agere
1145 1093 1278 1153 aevum,

267 1177 351 1261 Nec,
377 1176 406 1241 si
430 1177 509 1262 quid
532 1176 608 1240 miri
631 1176 733 1242 faeiat
755 1180 892 1259 natura,
918 1176 994 1241 deos
1019 1175 1053 1239 id

267 1279 389 1345 Tristes
414 1301 454 1344 ex
478 1279 546 1344 alto
569 1279 652 1344 coeli
672 1279 846 1345 demittere
868 1283 965 1345 tect0.

267 1381 493 1448 Brundusium
516 1381 634 1468 longae
656 1382 733 1447 finis
758 1383 953 1467 chartaeque
976 1373 1112 1466 viaeque
1136 1384 1194 1446 est.

213 1561 288 1625 facio
305 1565 386 1612 lucri:
404 1570 434 1612 at
451 1567 627 1613 Praenestinis
646 1565 717 1614 conia
734 1569 772 1614 est
811 1566 866 1612 risa
884 1564 1023 1625 Delapram
1041 1563 1068 1608 ia
1085 1559 1284 1620 eineresfaaem.
1311 1557 1364 1606 Ubi

219 1642 323 1690 maenia.
356 1642 397 1690 Ibi
413 1641 505 1706 legitur
517 1644 643 1692 annotatio
652 1643 771 1692 Meursii:
812 1643 862 1691 tale
879 1642 973 1706 aliquid
991 1642 1017 1689 in
1034 1641 1157 1703 Egnatia,
1174 1639 1240 1702 quod
1256 1637 1362 1687 Horatio

222 1720 325 1777 „Taxat
350 1721 539 1779 Praenestinos,
565 1728 594 1770 nt
615 1722 682 1770 male
702 1722 773 1771 Lati·
813 1730 838 1770 et
857 1721 986 1771 comitibus
1008 1721 1078 1769 dedit
1100 1721 1215 1782 risusque
1230 1717 1361 1778 iocosque?

221 1813 275 1847 nos.
309 1800 384 1849 Talia
405 1807 465 1849 sunt
486 1801 566 1864 Syria
589 1817 635 1864 pro
651 1801 772 1864 Assyria,
813 1801 923 1864 Egnatia
945 1800 1012 1863 cupit
1032 1799 1179 1862 persuadere
1201 1811 1288 1846 verum
1311 1809 1364 1844 esse

222 1879 322 1938 Spania
339 1892 384 1942 pro
401 1881 546 1941 Hispania,
562 1887 591 1928 ut
606 1880 723 1928 discimus
740 1895 772 1928 ex
813 1879 973 1935 miraculum,
989 1878 1109 1927 Horatius
1126 1891 1176 1925 non
1193 1875 1283 1932 credit,
1304 1875 1362 1938 quia

223 1956 328 2020 Capella
349 1964 374 2006 et
395 1956 537 2015 Glossario,
553 1957 674 2008 stricatae
690 1960 772 2008 Arno-
813 1959 932 2008 didicerat
953 1959 1020 2009 Deos
1043 1972 1094 2006 non
1115 1970 1215 2014 curare,
1233 1955 1255 2002 si
1271 1960 1362 2002 natura

220 2037 275 2094 bio,
293 2035 443 2086 histriculae
460 2037 641 2087 Tertulliano.“
812 2040 872 2102 quid
894 2039 952 2087 miri
974 2038 1072 2086 faceret.
1106 2036 1149 2086 Sic
1170 2035 1244 2083 fidem
1267 2033 1353 2095 simpli

255 2117 379 2177 Lymphis
404 2118 489 2164 iratis.
528 2115 692 2165 Scribendum
712 2124 772 2181 puto
812 2118 873 2165 citer
894 2117 1009 2180 negabat.
1043 2116 1099 2164 Iam
1122 2114 1232 2176 Egnatia
1252 2119 1290 2161 est
1311 2126 1362 2160 om·

220 2195 358 2257 Nymphis.
385 2193 516 2244 Vocabnla
529 2196 772 2258 lympbaeetNym·
812 2197 863 2256 nis,
884 2202 937 2245 tota
958 2195 1075 2258 Egnatia.
1112 2193 1186 2243 Unde
1206 2200 1258 2241 tam
1281 2191 1363 2241 subito

217 2276 287 2337 pirae
311 2274 402 2337 ubique
426 2275 621 2324 confunduntur.
648 2291 672 2326 v.
694 2278 771 2326 Bent-
811 2281 881 2323 tanta
897 2274 1031 2323 multitudo
1047 2273 1180 2331 confluait,
1200 2285 1265 2334 quae
1281 2269 1362 2318 Hora·

219 2353 298 2402 laium
320 2355 352 2402 ad
372 2355 460 2403 Horat.
477 2354 562 2405 Carm.
580 2356 633 2404 ΠΙ.
651 2369 712 2404 xm.
732 2356 770 2405 15.
811 2354 847 2402 tio
868 2354 1016 2417 persuadere
1037 2347 1153 2415 cuperet?
1186 2351 1280 2400 Melius
1297 2358 1363 2398 certe

219 2433 366 2481 Markland.
393 2434 424 2480 ad
446 2432 520 2483 Statii
543 2432 606 2482 silv.
630 2433 652 2482 1.
670 2448 711 2483 111.
729 2435 770 2483 65.
812 2438 867 2480 erat
884 2433 1001 2495 Epnatia
1018 2433 1112 2487 credit,
1138 2435 1166 2478 ut
1188 2429 1214 2476 in
1230 2429 1310 2492 Epcd.
1328 2429 1363 2477 V.

223 2511 257 2558 In
282 2511 413 2560 iudicanda
437 2526 498 2560 vera
523 2512 646 2575 scriptura
661 2513 771 2562 consida-
812 2511 852 2560 48.
881 2513 922 2558 Et
942 2512 1021 2560 otiosa
1044 2511 1151 2559 eredidit
1173 2510 1296 2571 Neapolis
1323 2511 1363 2556 Et

219 2591 340 2650 randum,
356 2598 414 2638 utra
424 2591 461 2639 rei
472 2591 611 2654 propositae
622 2590 703 2654 magis
714 2605 771 2638 oon-
811 2604 883 2638 omae
898 2590 1007 2637 cirinum
1024 2589 1150 2651 oppidum.

220 2669 312 2716 veniat.
345 2671 395 2718 Hic
415 2671 496 2732 magis
513 2671 628 2719 convenit
645 2672 773 2732 Nymphis
845 2668 979 2716 Horatium
1003 2668 1130 2731 scripsisse
1153 2674 1226 2730 puto:
1253 2669 1361 2715 Persua-

220 2749 299 2796 iratis
323 2755 469 2798 constructa
496 2750 624 2811 Epaatta,
652 2749 698 2796 hoc
722 2755 771 2808 est,
811 2748 869 2795 dere
885 2749 956 2810 eupit
973 2750 1060 2796 erectas
1077 2747 1191 2795 Iudaeus
1206 2747 1305 2806 Apella.
1331 2743 1363 2792 In

219 2827 347 2890 Nymphis
372 2827 474 2879 Daabus
501 2827 584 2884 iratis,
609 2835 638 2875 ut
662 2828 689 2874 in
713 2836 772 2877 nota
799 2826 902 2888 eppido
919 2826 1042 2888 Egnatius
1059 2824 1185 2874 habitabat
1196 2825 1303 2872 Iudaeus
1320 2838 1363 2872 no-

219 2906 330 2954 formula
346 2914 424 2955 natas
441 2909 493 2954 Dis
509 2907 595 2954 iratis.
811 2905 880 2953 mine
904 2906 1003 2967 Apella.
1037 2905 1086 2954 Hic
1111 2904 1249 2967 peregrinis
1271 2917 1362 2952 saxum

255 2987 415 3033 Persuadere
430 2987 509 3046 capit.
545 2984 643 3032 Credat
661 2984 772 3034 ladaem
812 2983 979 3041 monstrabat,
995 2983 1022 3030 in
1039 2988 1144 3046 quotus
1162 2982 1296 3030 identidem
1309 2983 1362 3030 sine

220 3065 323 3126 Apella.
365 3061 469 3124 Apelles
494 3060 638 3122 Ἀπελλῆς,
664 3062 771 3124 Apella,
813 3060 914 3108 flamma
934 3060 1092 3122 liquescebat.
1126 3060 1223 3110 Saxum
1249 3061 1300 3111 fere
1325 3077 1363 3110 sa-

219 3155 315 3191 nomen
331 3139 427 3197 Iudaei,
449 3139 479 3186 de
497 3152 553 3200 quo,
570 3139 636 3200 quod
646 3139 695 3188 dici
705 3147 771 3203 pote·
812 3152 882 3186 crum
899 3139 998 3196 haberi,
1015 3140 1160 3201 praesertim
1173 3155 1188 3186 a
1198 3140 1307 3197 Iudaeis,
1320 3143 1363 3202 qui

219 3226 273 3279 rat,
300 3219 394 3266 dictum
419 3224 457 3265 est
481 3217 512 3265 ab
537 3217 714 3280 interpretibus
739 3220 771 3266 ad
812 3218 894 3266 simile
911 3219 1034 3282 quoddam
1051 3218 1202 3266 miraculum
1217 3218 1243 3266 in
1259 3219 1362 3282 antiqua

218 3301 301 3362 Epist
315 3296 560 3346 PaulliadRaman.
572 3296 647 3346 XVI.
659 3298 698 3348 10.
716 3298 771 3346 Iam
811 3297 932 3360 religione
958 3297 1069 3347 Mosaica
1094 3296 1290 3354 venerabantur,
1311 3311 1362 3346 non

220 3392 306 3426 omnes
328 3377 416 3425 Iudaei
440 3392 456 3424 a
475 3375 595 3424 Romanis
618 3376 771 3426 habebantur
811 3385 861 3435 est,
879 3378 945 3440 quod
962 3377 1088 3424 miremur.
1116 3376 1150 3424 Et
1167 3376 1222 3439 quis
1239 3376 1359 3433 novit,an

220 3466 248 3506 et
258 3456 402 3505 dicebantur
410 3456 579 3518 superstitiosi,
589 3461 618 3503 ut
626 3456 718 3504 mirum
730 3458 770 3515 sit,
812 3471 863 3505 uon
879 3470 942 3505 saxo
959 3455 1000 3503 isti
1012 3455 1095 3503 vicina
1105 3454 1200 3502 steterit
1210 3454 1363 3517 proseucha?

221 3550 301 3583 unum
317 3550 377 3598 prae
393 3535 495 3583 caeteris
512 3533 626 3583 omnibus
643 3536 679 3583 sic
692 3537 769 3584 nomi·
812 3536 866 3584 Iam
889 3549 982 3599 pauper
1003 3535 1110 3598 Apella,
1131 3532 1292 3590 enarratoris,
1309 3532 1361 3591 ἐξη-

221 3615 292 3671 nari,
313 3622 341 3662 ut
361 3613 520 3677 proverbium
538 3613 617 3661 factus
634 3615 674 3672 sit,
691 3612 770 3663 veluti
811 3618 898 3680 γητοῦ,
917 3629 1018 3664 munere
1036 3616 1157 3678 fungens,
1175 3616 1264 3679 stipem
1281 3627 1359 3662 mere-

222 3695 271 3742 Iro
285 3694 436 3755 pauperior,
452 3693 488 3739 ita
506 3694 597 3753 Apella
613 3695 770 3755 superstitio
811 3694 891 3742 batur.
907 3695 955 3744 Ille
966 3697 1104 3760 peregrinis
1114 3696 1361 3744 anteomniasaxum

221 3776 281 3823 star.
314 3774 348 3821 Et
364 3772 443 3829 unde,
469 3785 571 3833 quaeso,
597 3772 638 3820 isti
660 3775 729 3820 risus
746 3779 770 3822 et
811 3773 961 3823 ostendebat.
997 3774 1080 3824 Senex
1106 3775 1247 3832 mendicus,
1272 3772 1361 3836 pannis

222 3855 285 3909 ioci,
306 3852 354 3900 nisi
374 3865 407 3899 ex
424 3851 541 3912 adspectu
557 3851 593 3898 rei
609 3851 713 3900 alicuius
730 3852 771 3901 vel
811 3852 916 3910 obsitus,
933 3853 1021 3902 ardore
1038 3853 1106 3917 genti
1123 3867 1182 3902 suae
1196 3853 1308 3915 proprio,
1325 3851 1362 3898 in-

222 3931 330 3980 hominis
353 3929 472 3977 ridiculo?
508 3929 549 3979 Sic
571 3930 645 3979 Satir.
669 3930 690 3978 Ι.
711 3944 770 3980 vm.
810 3939 849 3981 ter
873 3931 965 3980 multas
992 3933 1191 3994 gesticulationes
1218 3931 1311 3982 Graece
1337 3935 1362 3976 et

222 4012 264 4060 50.
281 4016 410 4074 postquam
424 4009 532 4072 Priapus
543 4010 681 4071 pepederat.
693 4024 771 4072 quan·
811 4012 902 4061 Latine
919 4010 1072 4069 balbutiens,
1092 4011 1198 4060 Horatio
1213 4009 1363 4072 persuadere

222 4099 277 4138 turn
294 4087 404 4150 displosa
419 4088 501 4136 vesica
517 4094 627 4146 sonaret,
649 4089 771 4138 veneficas
811 4090 892 4152 cupit,
917 4095 944 4136 ut
969 4090 1066 4146 eredat,
1088 4103 1175 4137 verum
1201 4102 1268 4145 esse,
1295 4087 1362 4149 quod

223 4169 309 4230 fugam
325 4182 453 4230 capessere
468 4183 525 4217 aare
542 4181 630 4229 mappa
644 4169 771 4216 rmaieea-
812 4170 843 4217 de
859 4182 921 4216 saxo
937 4167 1092 4216 narrabatur.
1127 4167 1215 4214 Talem
1239 4166 1361 4215 Iudaeum

223 4264 272 4310 que
299 4247 410 4304 videbat,
438 4248 498 4295 dum
526 4245 647 4294 Canidiae
674 4246 772 4305 dentes,
812 4263 862 4297 non
879 4247 932 4296 sine
949 4247 1000 4294 risu
1022 4253 1047 4294 et
1064 4246 1117 4294 icco
1134 4246 1218 4293 videre
1235 4252 1260 4292 et
1276 4244 1362 4293 audire

223 4326 340 4389 Saganae
350 4327 520 4384 caliendrum,
537 4325 626 4372 herbae
637 4332 662 4372 et
673 4326 773 4374 vincula
812 4331 933 4390 poterant.
967 4323 1035 4384 Quin
1053 4323 1136 4385 ipsum
1152 4336 1243 4370 nomen
1258 4323 1364 4384 Apellae

223 4407 386 4463 excidebant,
414 4414 438 4456 et
463 4406 547 4456 Carm.
569 4405 618 4453 IV.
641 4419 700 4452 xrrr.
729 4407 771 4454 25.
813 4407 839 4455 in
856 4406 964 4460 Iudaea,
986 4402 1057 4466 quasi
1073 4403 1127 4450 siae
1141 4403 1220 4464 pelle,
1242 4401 1363 4450 Romanis

223 4486 255 4533 de
275 4485 356 4548 Lyce,
381 4487 467 4535 vetula
483 4485 592 4533 cornice:
615 4485 721 4532 Posseat
743 4490 773 4533 at
813 4482 965 4533 occasionem
992 4481 1088 4529 ridendi
1114 4487 1139 4528 et
1164 4480 1261 4528 iocandi
1289 4494 1361 4543 prae-

224 4565 322 4613 iacenes
339 4554 416 4615 ai'sere
426 4566 526 4630 fervidi
552 4564 639 4610 Malta
656 4577 705 4611 non
721 4565 774 4612 aiae
815 4564 895 4612 bebat.
1002 4556 1004 4560 ⁴

708 4677 872 4698 κ...-
