3542 5634
438 542 495 580 Vlll
983 553 1021 562 -··

437 702 489 771 do,
516 698 692 773 catalogum
718 697 863 767 absolvit,
891 697 921 753 in
951 713 1010 768 quo
1033 695 1108 752 nihil
1130 695 1168 750 ad
1190 695 1404 770 praestantiam
1425 696 1498 751 artis
1520 697 1575 750 bo-

439 806 559 860 diernee
582 803 781 860 desideratur.

479 909 585 981 Neque
605 902 704 964 minus
726 904 892 980 Gymnasio
913 903 1045 960 curando
1066 903 1230 976 gaudebat,
1251 919 1318 958 oum
1336 903 1441 960 florere
1456 902 1575 959 videret
1659 923 1660 988 q

439 1013 590 1069 voluntate
612 1020 644 1068 et
663 1008 813 1067 industria
828 1008 1054 1082 magistrorum,
1072 1015 1103 1062 et
1121 1007 1265 1063 bonorum
1284 1005 1499 1080 discipulorum
1515 1007 1575 1064 fre·
1659 989 1660 1082 i

438 1118 569 1191 quentia.
612 1116 712 1173 Huius
737 1114 782 1172 rei
808 1115 873 1170 laus
901 1111 1009 1187 partim
1034 1112 1194 1169 tribuenda
1220 1119 1286 1167 erat
1314 1111 1434 1168 liberali
1456 1120 1486 1167 et
1505 1130 1574 1186 pru-

438 1223 519 1279 denti
550 1220 741 1278 consiliorum
773 1217 897 1288 rationi,
931 1234 1019 1289 quam
1050 1216 1101 1272 ille
1134 1225 1165 1272 et
1195 1216 1328 1289 collegae
1357 1217 1571 1288 sequebantur.

439 1325 580 1384 Contenti
603 1331 705 1391 erant,
731 1323 757 1378 si
785 1320 884 1378 omnia
910 1329 992 1376 recte
1017 1318 1110 1390 irent,
1132 1319 1250 1391 sibique
1271 1329 1486 1394 persuaserant
1505 1338 1572 1390 ece,

438 1431 489 1504 qui
516 1431 606 1502 longo
631 1445 687 1484 usu
714 1427 822 1482 docere
845 1424 1027 1493 didicerant,
1060 1424 1176 1480 acutius
1202 1422 1232 1480 in
1255 1441 1377 1480 munere
1399 1424 1457 1481 rite
1480 1425 1573 1482 admi-

439 1536 594 1593 nistrando
621 1550 760 1602 cernere,
792 1549 882 1603 quam
909 1528 960 1602 qui
987 1528 1147 1602 cogitando
1173 1537 1291 1585 tantum
1317 1537 1347 1585 et
1371 1529 1499 1602 legendo
1524 1547 1572 1586 co·

438 1647 616 1716 gnoverant.
658 1637 699 1692 Et
719 1654 792 1692 vero
813 1636 884 1692 boni
907 1641 1116 1710 praeceptores
1137 1632 1195 1707 ipsi
1217 1634 1328 1690 sensim
1350 1643 1475 1703 mutant,
1492 1635 1571 1707 quod

439 1765 492 1802 suo
519 1745 645 1817 quisquc
670 1725 742 1796 ioco*
761 1738 889 1814 tempori
916 1748 947 1794 et
971 1738 1099 1795 alumnis
1121 1737 1220 1794 minus
1241 1746 1344 1812 aptum
1365 1746 1395 1794 et
1416 1747 1572 1795 consenta-

439 1869 528 1906 neum
548 1848 720 1905 arbitratur.
763 1844 833 1901 Non
854 1852 957 1900 amant
972 1841 1183 1918 philosophos,
1205 1841 1257 1915 qui
1271 1843 1388 1917 copiose
1406 1844 1442 1900 de
1459 1843 1571 1918 optima

438 1951 616 2011 instituendi
646 1951 697 2007 via
728 1951 898 2031 disputant,
928 1949 1024 2021 ipsam
1055 1946 1136 2003 viam
1167 1965 1228 2002 non
1260 1947 1426 2016 triverunt,
1460 1948 1572 2004 similes

439 2058 613 2115 Phormioni
634 2054 855 2129 Peripatetico,
878 2052 945 2125 qui,
968 2053 1105 2124 quamvis
1128 2069 1280 2124 nunquam
1300 2060 1399 2108 castra
1415 2051 1571 2127 adspexis-

439 2173 497 2233 set,
524 2180 579 2218 nec
598 2161 705 2217 lituum
726 2160 909 2227 audivisset,
936 2156 1103 2214 Hannibali
1130 2164 1294 2230 praecepta
1322 2157 1359 2212 de
1389 2175 1421 2211 re
1448 2157 1571 2214 militari

439 2269 508 2324 dare
538 2265 691 2323 sustinuit.
733 2268 833 2336 Atque
860 2264 893 2318 in
920 2281 956 2318 ea
982 2261 1124 2336 opinione
1150 2280 1210 2317 non
1233 2261 1490 2318 dissentiebamns.
1534 2263 1571 2318 In

438 2373 534 2428 altera
555 2371 751 2441 aliquantum.
795 2365 958 2440 Gymnasio
978 2364 1147 2421 adiunctum
1167 2373 1229 2420 erat
1250 2364 1434 2434 Institutum,
1455 2365 1571 2438 inquo,

438 2486 553 2550 praeter
578 2472 741 2543 Matbesin,
768 2471 947 2540 Historiam,
975 2468 1210 2544 Geographiam,
1237 2467 1309 2539 alia,
1339 2468 1458 2542 liuguae
1480 2471 1573 2526 Fran-

439 2599 551 2649 corum,
578 2578 788 2634 Britannorum
815 2583 845 2632 et
881 2575 1097 2633 Germanorum
1127 2574 1314 2631 docebantur.
1356 2573 1450 2631 Nemo
1475 2582 1574 2630 autem

440 2685 478 2741 ad
502 2681 698 2758 Gymnasium
720 2679 941 2750 admittebatur,
967 2678 1023 2736 nisi
1051 2689 1081 2736 et
1109 2677 1250 2736 lectiones
1276 2678 1306 2733 in
1328 2677 1468 2735 Instituta
1489 2679 1574 2735 audi-

439 2800 494 2844 ret.
536 2788 615 2860 Ego,
642 2787 720 2859 quod
745 2785 864 2840 vinculo
889 2784 1014 2841 arctiore
1040 2803 1104 2840 cum
1130 2783 1224 2840 literis
1248 2783 1379 2857 antiquis
1405 2793 1480 2841 esset
1505 2803 1574 2840 con-

439 2893 583 2961 iunctum,
614 2891 683 2946 inde
707 2890 744 2946 ad
773 2889 968 2964 Gymnasium
994 2888 1160 2958 transferri,
1194 2896 1222 2944 et
1247 2888 1372 2945 liberum
1398 2888 1575 2962 parentibus

439 2997 591 3053 arbitrium
608 2995 734 3068 relinqui
749 2995 892 3064 volebam,
906 2993 1020 3050 filiosne
1034 2995 1073 3049 ad
1087 2994 1210 3049 alteram
1223 3011 1260 3049 an
1275 3001 1429 3066 utramque
1444 2994 1574 3050 scholam

439 3102 552 3157 mittere
574 3099 664 3156 satius
684 3078 834 3172 putarent:
857 3109 928 3171 quot
952 3097 1166 3168 adolescentes,
1193 3106 1236 3154 tot
1251 3097 1341 3171 vulgo
1356 3115 1421 3154 esse
1437 3098 1576 3156 diversas

440 3216 574 3274 natm-as,
605 3204 722 3260 diversa
742 3203 876 3278 ingenia,
903 3219 997 3273 neque
1024 3220 1122 3258 omnes
1143 3201 1237 3258 eidem
1259 3201 1337 3258 vitae
1358 3201 1503 3258 curriculo
1524 3205 1575 3259 de-

441 3309 558 3379 stinari,
580 3328 700 3381 eamque
721 3308 890 3364 varietatem
906 3323 964 3360 non
980 3305 1042 3360 sine
1058 3305 1189 3378 periculo
1204 3313 1233 3360 et
1246 3305 1424 3362 detrimento
1438 3305 1467 3361 in
1483 3325 1575 3362 unam

440 3433 568 3472 normam
589 3413 670 3486 cogi,
692 3413 836 3468 curandas
857 3419 954 3467 autem
976 3429 1035 3466 non
1057 3410 1144 3466 modo
1159 3409 1274 3466 veloces
1289 3420 1319 3465 et
1332 3410 1454 3480 alacres,
1468 3428 1575 3466 verum

440 3519 528 3575 etiam
555 3517 653 3573 tardas
677 3525 708 3572 et
732 3515 856 3589 ignavas
882 3524 1010 3585 mentes,
1025 3571 1026 3574 ,
1041 3524 1084 3572 tct
1114 3523 1260 3572 tantarum
1295 3534 1393 3571 rerum
1421 3523 1575 3588 praeterea

439 3643 497 3679 non
518 3639 649 3696 capaces.
692 3619 884 3678 emtoribus
905 3620 994 3677 aliter
1015 3621 1120 3678 visum.
1163 3623 1263 3692 Atque
1290 3621 1391 3676 eadem
1412 3618 1473 3676 iere
1495 3620 1576 3676 ratio

439 3730 469 3784 in
497 3727 645 3802 plerisque
672 3726 811 3800 deinceps
838 3724 1010 3800 Gymnasiis
1037 3726 1092 3783 liiit
1118 3726 1268 3796 instituta,
1294 3745 1333 3782 an
1361 3735 1389 3782 et
1416 3727 1575 3794 duratura,

439 3843 554 3906 tempus
576 3831 701 3887 docebit.

479 3938 630 4010 Quantum
651 3935 678 3991 ei
698 3955 716 3992 a
738 3936 862 4010 negotiis
884 3936 925 3992 sic
946 3937 1086 3993 obeundis
1108 3945 1276 4011 supererat,
1299 3954 1353 3993 nec
1367 3934 1574 3992 consuetudini

440 4041 616 4099 domesticae
641 4052 692 4098 aut
716 4042 874 4099 amicornm
900 4043 1111 4099 conventiculis
1135 4043 1240 4099 cedere
1266 4041 1430 4115 oportebat,
1457 4047 1575 4096 tantum

379 4187 391 4204 .
438 4148 583 4204 versando
612 4146 739 4220 optimos
766 4145 885 4220 quosvis
912 4145 1082 4220 scriptores,
1114 4145 1245 4204 Graecos
1271 4143 1445 4220 praesertim
1466 4152 1494 4200 et
1516 4144 1575 4200 Ro-

439 4271 554 4322 manos,
581 4254 678 4310 dabat.
721 4253 851 4324 Multae,
877 4253 1055 4322 Homerum,
1083 4255 1269 4328 Sophoclem,
1297 4250 1485 4325 Euripidem,
1513 4251 1575 4307 Lu-

440 4357 572 4427 cretium,
596 4355 780 4428 Ciceronem,
803 4357 975 4431 Virgilium,
999 4358 1167 4428 Horatium,
1191 4358 1334 4428 Tacitum,
1356 4374 1416 4413 nna
1437 4354 1574 4428 legimus.

440 4461 579 4518 Habebat
600 4462 804 4517 bibliothecam
825 4462 1003 4535 amplissime
1026 4462 1209 4533 instnrctam,
1231 4461 1320 4517 libros
1341 4459 1434 4516 omnis
1456 4457 1522 4515 aevi
1545 4471 1574 4515 et
