3542 5634
669 510 850 578 LIBER
897 516 940 579 ΙΙ.

284 693 370 758 Nam
389 693 538 778 propriae
563 694 689 761 telluris
713 698 828 763 herum
852 705 970 765 natura
993 723 1097 786 neque
1120 701 1216 767 illum

282 796 351 861 Nec
377 818 431 861 me
454 819 513 862 nec
537 820 734 884 quemquam
756 801 894 866 statuit:
917 825 977 867 nos
1000 803 1129 889 expulit
1153 805 1229 883 ille;

284 899 386 963 Illum
409 905 468 964 aut
491 901 653 987 nequities
675 907 734 968 aut
755 904 837 970 vafri
860 904 995 970 inscitia
1013 906 1114 990 iuris,

284 1003 493 1067 Postremum
516 1005 659 1089 expellet
684 1012 770 1071 certe
790 1006 934 1072 vivacior
954 1009 1055 1074 heres.

284 1105 381 1170 Nunc
404 1127 481 1190 ager
499 1107 661 1173 Umbreni
680 1111 741 1174 sub
760 1111 909 1194 nomine,
934 1134 1038 1197 nuper
1061 1113 1160 1180 Ofelli

286 1209 402 1274 Dictus
430 1214 517 1293 erat,
539 1211 625 1276 nulli
647 1214 816 1298 proprius,
841 1215 899 1280 scd
922 1216 1015 1280 cedet
1037 1215 1072 1279 in
1094 1239 1191 1283 usum

285 1312 382 1377 Nunc
407 1313 507 1396 mihi,
531 1335 619 1379 nunc
642 1316 710 1381 alii.
759 1317 918 1398 Quocirca
941 1318 1043 1383 vivite
1063 1319 1184 1402 fortes,

288 1414 463 1500 Fortiaque
487 1417 631 1484 adversis
655 1420 810 1504 opponite
829 1426 962 1506 pectora
985 1422 1082 1487 rebus
1092 1423 1124 1486 i“

241 1572 383 1624 habitudine
400 1576 507 1638 corporis
524 1577 601 1625 solida
617 1585 642 1626 et
657 1579 723 1627 suad
739 1579 789 1642 ple·
830 1580 897 1630 Mihi
922 1581 1125 1644 distinguendum
1155 1583 1265 1630 videtur:
1302 1583 1379 1632 Naue

241 1667 286 1711 na,
305 1653 497 1716 frequentantur.
520 1655 555 1704 V.
572 1656 675 1705 Ruhnk.
692 1659 724 1705 ad
742 1659 789 1707 Te·
831 1676 890 1722 uper
904 1662 1024 1709 Umbreni
1035 1665 1081 1709 sub
1090 1665 1290 1724 nornine,nuper
1299 1661 1379 1724 Ofelli

242 1741 304 1780 rent.
321 1734 437 1781 Eunuch.
449 1734 486 1783 11.
498 1749 527 1782 11.
541 1736 578 1784 ll.
604 1736 656 1785 Pro
672 1740 791 1788 nituistis
831 1742 939 1796 Dictus,
964 1745 1021 1789 erat
1045 1742 1112 1788 auiti
1135 1742 1266 1802 proprius.
1299 1740 1379 1801 Ager,

244 1811 270 1858 in
301 1811 359 1861 MS.
385 1813 534 1862 scholiorum
558 1816 625 1878 apud
651 1817 791 1880 Paulyum,
830 1819 872 1880 qui
896 1831 964 1866 nunc
988 1825 1026 1866 est
1051 1818 1096 1866 sub
1121 1820 1221 1867 nomine
1243 1818 1379 1876 Umbreni,

241 1891 397 1940 instituistis.
420 1893 508 1951 Error,
519 1899 588 1955 pato,
602 1895 748 1945 scribarum.
830 1910 910 1958 nuper
927 1896 1053 1945 dicebatur
1069 1896 1157 1954 Oselli,
1166 1896 1245 1957 nulli,
1259 1898 1310 1945 iam
1323 1903 1380 1946 ante

277 1971 355 2018 Nunc
368 1985 427 2032 uper
439 1973 559 2021 Umbreni
568 1976 615 2022 rub
626 1977 732 2034 nomine,
745 1991 790 2023 nu·
830 1989 982 2038 possessores
1000 1976 1069 2034 illos,
1089 1984 1142 2025 erat
1158 1977 1283 2039 proprius,
1299 1991 1380 2040 neque

242 2063 288 2110 per
300 2048 380 2110 Ofelli
389 2051 485 2099 Dictus
500 2058 570 2114 nat,
584 2055 652 2102 nulli
662 2055 791 2117 proprius.
832 2060 916 2116 postea
932 2055 986 2103 erit.

724 2211 889 2233 -400—

647 2373 881 2439 sarran
928 2333 1000 2440 nr.

341 2502 381 2581 Si
401 2536 472 2580 raro
495 2514 631 2597 scribis,
654 2519 693 2579 ut
716 2521 786 2580 toto
812 2538 880 2581 non
900 2522 1015 2602 quater
1039 2538 1126 2581 anno

292 2617 518 2682 Membranam
542 2639 672 2703 poscas,
699 2618 896 2703 scriptorum
922 2640 1067 2704 quaeque
1091 2623 1258 2703 retexens,

420 2798 558 2849 SATIRA
575 2799 625 2848 HI.
836 2772 934 2836 quidem
950 2770 995 2829 llll,
1011 2772 1068 2828 Βθᾱ,
1084 2776 1113 2818 ui
1129 2784 1202 2834 saepe
1219 2770 1312 2828 milli,
1329 2783 1383 2816 ves·

836 2851 899 2914 tigia
914 2850 1023 2899 melioris
1039 2850 1149 2898 lectionis
1166 2850 1309 2898 indicantes.
1330 2849 1384 2897 Me·

282 2896 330 2984 Si
345 2945 405 2980 raro
425 2933 523 2989 sutus,
544 2935 573 2977 ut
596 2935 647 2977 tcto
667 2944 716 2978 uon
735 2943 795 2991 qua·
835 2930 883 2996 l'prs
901 2931 968 2979 enim
985 2937 1057 2993 puto:
1074 2932 1110 2978 sic
1125 2945 1190 2992 erqo.
1217 2929 1385 2991 Damasippus

248 3017 288 3060 ter·
305 3025 371 3059 auno
404 3011 580 3058 Membranam
600 3021 696 3070 poscas.
730 3007 793 3056 Mei·
836 3009 907 3057 dicit:
926 3009 970 3058 Sic
987 3024 1044 3071 erqo
1060 3011 1159 3068 scribis,
1177 3014 1228 3058 toto
1244 3014 1275 3056 ut
1285 3024 1335 3056 nou
1347 3016 1386 3057 ter

249 3089 351 3138 nekius:
362 3087 430 3147 „Pro
441 3090 464 3136 si
475 3087 585 3150 peiorum
592 3084 796 3148 Coddseriptnra
835 3094 1002 3151 quaterdeno
1025 3088 1204 3135 Meurbruaum
1214 3101 1303 3148 poscas
1312 3112 1345 3120 -
1353 3112 1385 3121 -

249 3177 287 3218 est
303 3171 349 3218 sic.
366 3174 391 3215 at
416 3173 560 3228 corruptum
582 3165 648 3212 haud
670 3164 743 3213 dubie
759 3171 796 3212 est
837 3168 884 3214 Nil
909 3169 1014 3227 dipuum
1037 3180 1149 3214 tattaeus
1175 3167 1268 3213 coam?
1298 3164 1385 3214 Oratio

249 3251 349 3305 scribis,
372 3261 428 3295 cum
445 3246 526 3294 brevis
542 3242 654 3306 syllabae
670 3258 753 3292 arseos
770 3245 797 3292 vi
836 3245 988 3307 indignantis
1004 3243 1106 3307 pulchre
1123 3243 1155 3290 ab
1171 3258 1228 3305 erpo
1249 3243 1385 3291 inchoatur.

249 3328 384 3392 productae
408 3339 440 3372 ne
464 3339 543 3372 unum
567 3323 666 3387 quidem
688 3337 721 3371 ex
745 3330 797 3372 toto
836 3327 920 3388 Attigi
936 3327 968 3374 ad
985 3324 1070 3374 carm.
1087 3325 1109 3373 I.
1127 3338 1206 3375 xxrv.
1224 3324 1304 3373 Tacit.
1326 3326 1383 3373 An·

250 3406 356 3457 Horatio
372 3403 514 3467 exemplum
531 3403 628 3451 afferas.
644 3402 733 3466 Itaque
746 3417 797 3451 cor·
836 3405 885 3453 nal.
903 3406 954 3454 111.
975 3406 1012 3457 17.
1030 3407 1066 3452 Iri
1081 3420 1138 3467 erpo
1148 3406 1197 3466 sus
1213 3406 1297 3461 αείαι,
1308 3405 1386 3452 iuter·

250 3485 383 3548 rigandum
406 3484 515 3532 uidetur:
536 3485 560 3532 si
577 3498 637 3531 raro
659 3485 749 3532 saribis
767 3489 796 3530 tu
830 3483 965 3545 sectricem
973 3489 1069 3546 nepotis
1079 3484 1215 3544 adspicere,
1227 3483 1331 3543 ulloqui,
1338 3483 1386 3529 eri-

250 3571 281 3613 ut
298 3571 357 3614 tcto.
384 3564 451 3612 Nam
467 3565 560 3613 scribes
576 3563 642 3624 quod
658 3561 798 3625 interpolati
836 3578 895 3624 pere
916 3565 1035 3612 umtutt
1063 3562 1147 3624 Quam
1171 3575 1232 3609 rara
1257 3560 1385 3617 scriberet,

252 3645 352 3708 qnidam
366 3642 467 3693 Codices
484 3641 585 3701 habent,
599 3649 685 3704 aperta
698 3649 736 3690 est
746 3657 797 3691 me·
837 3641 912 3706 longe
936 3642 1074 3705 elegantius
1098 3655 1132 3689 ex
1157 3646 1197 3689 ter
1221 3647 1313 3703 quater
1336 3644 1388 3688 toto

251 3724 307 3772 ttici
331 3722 471 3772 oonacdo.“
496 3722 553 3783 Ego
577 3720 651 3783 plura
678 3721 719 3769 hic
746 3735 798 3769 esse
838 3737 904 3770 unna
920 3721 1035 3782 efficitur,
1050 3730 1079 3770 ut
1098 3721 1159 3770 iliud
1177 3721 1233 3768 addi
1250 3718 1324 3782 plana
1347 3733 1387 3768 su·

252 3811 368 3866 corrupta
384 3802 502 3864 suspicor.
535 3802 622 3850 Prima
638 3815 737 3860 caussa,
755 3815 799 3849 cur
839 3815 1020 3863 pervacaneum
1049 3801 1089 3850 sit.
1126 3800 1157 3848 In
1184 3807 1223 3850 ter
1243 3805 1267 3848 et
1284 3805 1388 3862 quater,

253 3883 289 3930 ita
305 3881 398 3930 sactum
415 3882 459 3938 sit,
477 3882 534 3929 hinc
550 3882 681 3943 repetenda
695 3883 800 3938 videtur,
841 3886 927 3943 terque
959 3887 1110 3945 quotaque,
1146 3886 1186 3928 ter
1215 3884 1306 3942 quater
1338 3877 1388 3941 ple-

252 3961 320 4024 quod
341 3961 488 4009 vocabulum
509 3961 584 4008 unius
605 3957 714 4022 syllabae
735 3958 800 4006 exei·
841 3974 947 4023 rumque
970 3961 1094 4022 cogitatur
1114 3959 1181 4022 quod
1197 3973 1272 4020 saepe
1293 3956 1334 4015 fit;
1362 3957 1388 4003 in

253 4041 297 4090 dit.
331 4042 451 4090 Horatius
468 4055 556 4103 nempe
573 4041 686 4088 dederet:
704 4042 756 4086 toto
772 4041 802 4084 ut
842 4045 881 4087 ter
903 4045 949 4086 aut
971 4046 1073 4101 quater,
1095 4045 1164 4085 terre
1185 4040 1303 4098 qrsrrterce
1323 4035 1389 4096 quod

254 4136 304 4169 non
321 4126 361 4168 ter
377 4126 467 4182 quater
485 4135 558 4168 orsae.
586 4118 652 4167 Cum
670 4124 709 4166 ter
725 4115 801 4164 semel
842 4132 903 4166 raro
918 4116 954 4164 iit.
971 4115 1038 4164 Vide
1054 4115 1138 4164 Bentl.
1154 4115 1186 4161 ad
1203 4112 1283 4174 Epod.
1300 4112 1334 4161 V.
1348 4112 1389 4159 33.

254 4199 393 4256 excidisset,
410 4205 435 4246 et
445 4199 571 4260 legeretur
583 4203 634 4247 toto
644 4203 673 4245 ut
684 4211 803 4259 usuque·
841 4196 893 4245 Hic
913 4194 1026 4241 additum
1043 4199 1095 4241 toto
1111 4207 1178 4241 anno
1197 4191 1258 4239 satis
1274 4190 1388 4248 ostendit,

255 4287 295 4327 ter
311 4293 393 4333 anno,
419 4276 533 4326 librarius
556 4284 663 4325 metrum
679 4274 803 4331 restituit,
842 4288 893 4322 non
909 4271 1043 4335 significari
1064 4286 1152 4333 saepe,
1177 4270 1220 4318 sed
1245 4276 1298 4316 tam
1317 4285 1391 4328 raro,
1465 4332 1470 4336 ἡ

255 4357 410 4419 transpositis
428 4362 479 4405 tata
496 4363 525 4405 ut
543 4357 569 4405 in
586 4363 616 4404 ut
633 4361 693 4412 toto,
709 4361 734 4402 et
750 4369 803 4402 mu·
843 4360 871 4401 ut
888 4349 1084 4400 numerusultra
1094 4354 1185 4411 quater
1201 4362 1251 4395 non
1262 4348 1389 4409 procedat:

256 4436 319 4485 tavit
335 4438 426 4485 scribis
443 4435 469 4482 in
485 4436 587 4484 scribes.
620 4434 672 4482 Pro
696 4436 719 4482 si
736 4449 804 4494 roro,
845 4433 964 4494 sicergo
980 4429 1075 4488 scribis,
1090 4435 1119 4476 ut
1135 4434 1187 4475 toto
1204 4441 1269 4475 anno
1286 4426 1330 4474 vix
1352 4434 1390 4474 ter

257 4515 371 4566 nonnulli
388 4514 467 4564 Codd.
484 4514 575 4562 habent
587 4516 621 4564 sic
632 4529 701 4572 rura,
711 4515 805 4576 peiores
846 4513 895 4570 vel,
912 4512 934 4560 si
950 4511 1099 4574 plurimum,
1120 4515 1208 4571 quater
1223 4505 1391 4556 membranam
