3542 5634
822 464 848 524 l.
896 479 1025 526 serina
1052 480 1074 523 1.

390 1661 558 1747 Occupatum
575 1683 601 1731 in
617 1681 790 1746 componendis
808 1679 1010 1728 annotationibus
1027 1679 1078 1728 alia
1094 1694 1134 1728 me
1151 1679 1302 1743 effugerant,
1323 1695 1386 1744 qnae
1408 1682 1434 1730 in
1453 1681 1530 1730 variis

389 1763 511 1813 schedulis
532 1765 693 1827 scripseram,
716 1761 766 1810 alia
790 1774 886 1810 errores
912 1759 1098 1824 typothetarum
1119 1760 1251 1824 corrigenti
1272 1761 1297 1808 in
1320 1767 1428 1810 mentem
1455 1776 1530 1812 vene-

389 1849 454 1891 runt.
490 1843 560 1904 Quae
576 1841 677 1892 editioni
694 1842 745 1890 iam
762 1838 890 1890 absolutae
907 1839 1021 1888 addenda
1036 1838 1138 1902 putavi,
1154 1839 1214 1888 haee
1231 1845 1301 1887 sant:

830 2021 863 2062 1.
898 2009 1035 2061 SATIBA
1060 2010 1082 2059 I.

418 2158 516 2221 Pagina
531 2159 556 2206 2.
592 2158 692 2218 Optasti
707 2157 861 2214 missionem,
877 2161 903 2205 et
918 2157 1066 2218 plerumque
1083 2155 1221 2217 arripiunt.
1254 2153 1313 2202 Huc
1334 2152 1460 2217 pertinent
1478 2157 1529 2206 ista

386 2236 454 2285 Livii
469 2236 558 2286 XLII.
575 2237 615 2284 33.
641 2235 774 2284 Militares
791 2235 901 2283 homiues
922 2238 948 2282 et
963 2234 1092 2296 stipendia
1107 2234 1179 2280 iusta
1194 2237 1220 2280 et
1235 2246 1341 2294 corpora
1357 2239 1383 2282 et
1399 2240 1485 2284 aetate
1500 2243 1528 2286 et

386 2317 496 2364 madata
512 2316 639 2364 laboribus
664 2313 777 2376 confecta
800 2315 898 2362 labae.
936 2312 1051 2361 InvenaL
1074 2311 1149 2362 Satir.
1172 2310 1247 2360 XIV.
1271 2312 1325 2361 161.
1360 2313 1426 2362 Mos
1446 2316 1527 2364 etiam

380 2395 477 2455 sraelis
494 2399 577 2442 aetate
593 2408 622 2442 aa
639 2393 743 2441 Punica
757 2392 841 2454 passis
875 2393 995 2447 Proelia,
1016 2393 1055 2439 ael
1077 2393 1210 2453 Pyrrham
1226 2391 1359 2439 irritantem
1379 2393 1528 2456 aladiasque

386 2474 519 2532 Molossos,
550 2473 662 2522 Tandem
678 2487 725 2535 pra
741 2473 830 2521 multis
845 2473 890 2520 aia·
906 2470 1064 2534 iaperabiaa
1079 2472 1209 2519 daleam
1246 2471 1406 2519 Vulneribus.

417 2553 447 2602 P.
464 2554 489 2602 2
524 2553 616 2601 Graan
631 2553 720 2600 armis.
753 2549 833 2614 Saepe
850 2555 935 2600 umen
945 2549 1068 2612 signifieat
1077 2548 1183 2597 militem
1194 2548 1278 2610 gravis
1294 2555 1448 2607 armaturae,
1466 2566 1492 2599 v.
1503 2566 1526 2598 e.

384 2631 474 2680 Livius
491 2630 582 2680 XXII.
604 2629 643 2679 18.
1340 2639 1344 2646 ’

416 2709 447 2758 Ρ.
464 2710 488 2760 3.
524 2710 619 2758 Gravis
646 2709 730 2756 annis
765 2706 862 2756 Auctor
887 2707 1090 2770 synonymorum
1119 2704 1232 2756 Gioeron.
1257 2706 1295 2754 ed.
1323 2706 1410 2755 Mahn.
1431 2724 1456 2771 p.
1482 2711 1525 2759 41.

385 2787 491 2848 „Maior
508 2793 580 2836 natu.
614 2784 710 2837 Senior.
728 2785 834 2836 Grandis
850 2793 919 2835 natu.
954 2785 1045 2836 Gravis
1062 2785 1158 2834 annis.“

417 2867 449 2916 P.
465 2868 489 2918 7.
523 2867 563 2915 Et
578 2867 656 2915 duas.
682 2865 846 2914 Particulaet
858 2880 931 2930 saepe
942 2882 957 2914 a
968 2866 1074 2915 librariis
1088 2865 1154 2914 male
1164 2865 1259 2912 intrusa
1273 2870 1318 2913 est.
1338 2864 1427 2914 Livius
1436 2865 1525 2918 XLV.

386 2948 423 2996 19.
441 2948 612 2996 deduxerant
627 2960 683 2994 eum
693 2946 759 2994 duae
775 2950 804 2994 la
819 2949 925 3008 moriem
941 2948 1058 2995 lamiae
1074 2961 1128 2994 res:
1143 2960 1207 2999 aaa,
1223 2945 1363 3006 protelatio
1379 2949 1526 2997 maneam

383 3028 411 3074 aa
427 3042 456 3076 a
482 3027 604 3084 vetera,
630 3027 949 3087 amnemamnem,
975 3011 1071 3083 aerea,
1095 3026 1250 3088 queremonia
1272 3025 1368 3074 ouras
1393 3030 1524 3078 samareus

320 3159 323 3164 ,
382 3107 548 3166 adveniatque
563 3105 657 3166 pladite
672 3118 777 3165 reanum
792 3106 820 3152 in
837 3105 940 3153 dubium
956 3107 1095 3154 adductam
1106 3119 1164 3153 esse.
1198 3104 1308 3151 Suberat
1319 3110 1344 3152 et
1355 3113 1524 3169 secretaspes

382 3186 503 3232 morum
518 3183 734 3245 praemiorumque
751 3185 782 3232 ab
798 3189 896 3231 senatu.
930 3182 1040 3233 Omnino
1060 3182 1206 3245 legendnm:
1228 3183 1331 3230 suberat
1352 3190 1451 3232 secreta
1467 3200 1524 3249 spes

382 3265 510 3311 aramum
543 3262 616 3311 Duae
632 3275 733 3310 caussae
752 3262 780 3309 in
797 3262 903 3325 speeiem
921 3263 1038 3311 honestae
1054 3276 1111 3309 euru
1129 3262 1298 3318 adduxerant,
1320 3261 1362 3308 sed
1387 3277 1447 3310 vera
1469 3274 1523 3314 erat

382 3355 436 3404 spes
458 3341 588 3389 honorum.
620 3341 694 3389 Hane
715 3354 829 3388 caussam
850 3341 960 3404 tegebat,
986 3356 1015 3390 ea
1032 3341 1144 3399 suberat,
1169 3341 1195 3387 in
1220 3339 1303 3387 animo
1323 3338 1422 3389 latebat.
1459 3342 1523 3407 Spes

382 3425 435 3468 erat
450 3419 497 3467 snb
512 3419 600 3483 specie.
617 3419 704 3468 Prima
722 3420 791 3470 verbi
808 3421 877 3469 notio
893 3434 991 3484 semper
1008 3421 1143 3469 derivanda
1160 3420 1192 3467 ab
1208 3434 1250 3477 eo,
1266 3419 1332 3482 quod
1343 3434 1393 3467 non
1405 3431 1522 3485 apparet,

381 3497 438 3545 hine
454 3498 504 3546 alia
519 3505 607 3561 sponte
623 3498 742 3561 sequitur.
776 3499 826 3548 Vir
843 3500 935 3548 Latine
951 3506 1065 3547 secante
1081 3500 1168 3547 doetus
1184 3500 1206 3548 I.
1218 3498 1252 3546 H.
1264 3497 1350 3547 Bremi
1367 3499 1399 3546 ed
1415 3499 1522 3564 Nepotis

380 3577 463 3626 Aloib.
480 3578 501 3625 Ι.
518 3577 566 3624 ista
582 3577 665 3625 minus
682 3584 748 3626 recte
764 3577 886 3626 distinxit.
909 3580 952 3627 Ex
968 3593 997 3627 ea
1014 3578 1123 3626 formula
1133 3577 1264 3626 emendavi
1274 3576 1471 3641 Virgil.Georg.
1482 3580 1519 3628 11.

381 3655 420 3707 47.
439 3657 533 3717 Sponte
549 3671 597 3704 msa
613 3672 677 3718 quae
693 3672 719 3706 sa
735 3658 829 3705 tollant
846 3661 874 3706 ia
891 3657 994 3708 laterinis
1010 3674 1080 3716 oras,
1114 3659 1258 3720 Inserenda
1275 3658 1387 3719 quim,
1398 3660 1520 3709 sedlaeta

380 3739 405 3782 et
415 3734 502 3796 fortia
517 3740 640 3796 sursunt:
669 3736 771 3798 Quippe
786 3734 837 3785 solo
852 3744 950 3786 antara
966 3740 1058 3787 subest.
1091 3736 1253 3798 Legendum:
1281 3737 1384 3798 Quippe
1400 3739 1459 3786 ollis
1475 3753 1519 3786 aa·

382 3819 443 3860 tara
464 3815 555 3862 subest.
589 3813 642 3862 Illis
667 3814 794 3864 arboribus
815 3817 900 3866 subest
915 3825 1012 3866 natura.
1044 3817 1115 3866 Vera
1135 3831 1234 3874 mussa,
1251 3831 1314 3880 qnae
1330 3831 1380 3864 non
1401 3819 1519 3876 oernitnr,

383 3899 420 3941 est
436 3893 462 3940 in
480 3892 540 3955 ipsis
558 3893 694 3944 arboribus.

429 3971 461 4042 In
486 3971 560 4021 Livio
585 3975 664 4036 magis
686 3974 761 4024 etiam
786 3984 903 4040 eonapta
923 3983 982 4026 sunt
1003 3977 1168 4039 adrertaeque
1187 3978 1287 4038 pladite.
1320 3975 1420 4025 Nomen
1437 3976 1519 4040 reguli

380 4050 478 4107 Gallici,
495 4053 525 4100 de
542 4067 591 4116 quo
608 4053 698 4117 agitur,
715 4062 768 4104 erat
786 4058 944 4106 Soliaettius.
976 4057 1032 4105 Hoc
1047 4055 1155 4104 restituit
1171 4054 1391 4105 Drakenborohins
1408 4061 1434 4102 et
1450 4069 1519 4117 prae-

379 4136 447 4178 terea
470 4129 532 4193 legit
548 4133 661 4182 cladibus
685 4148 730 4196 pro
755 4136 854 4196 alodiis.
887 4135 1008 4184 Dukerns
1034 4134 1243 4182 animadverterat
1264 4147 1295 4182 ne
1316 4133 1401 4196 politas
1417 4133 1518 4195 quidem

378 4209 486 4258 dicturos
507 4208 583 4260 fuisse
604 4227 708 4276 requam
723 4213 816 4276 alodiis
832 4216 861 4262 ia
877 4216 981 4263 dubium
1001 4215 1140 4262 adductum
1156 4228 1201 4276 pro
1218 4227 1292 4275 reaao
1308 4213 1451 4276 perieulum
1466 4226 1520 4260 esse

378 4304 395 4336 a
411 4291 480 4338 bello.
512 4288 586 4338 Dixit
603 4295 684 4340 mmen
709 4293 837 4342 Iuvenalis
858 4292 933 4343 Satis.
951 4292 1027 4342 XIV.
1047 4292 1101 4341 162.
1125 4293 1228 4341 Punica
1242 4293 1328 4354 passis
1346 4289 1465 4346 Proelia,
1482 4291 1521 4338 ael

379 4369 513 4429 Pyrrhum
530 4371 663 4419 issaraaaem
679 4372 822 4434 aladiosque
842 4371 968 4422 Molossos.
1002 4371 1089 4434 Neque
1105 4371 1194 4419 Livius
1212 4371 1273 4418 adeo
1290 4369 1322 4417 ab
1332 4368 1451 4418 orationis
1462 4369 1520 4431 poi-

379 4444 441 4493 tieae
459 4446 538 4494 foruna
555 4447 677 4497 abhorret.
