3542 5634
662 485 860 550 LIBER
905 485 948 549 II.

265 676 401 741 Doctus
417 674 479 740 eris
500 674 610 739 vivam
632 678 742 738 musto
766 694 906 738 mersare
923 664 1079 737 Falerno:

263 779 347 844 Hoc
376 785 520 844 teneram
540 777 647 842 faciet
694 775 907 841 Pratensibus
928 776 1054 862 optima
1074 775 1185 860 fungis

262 881 401 947 Natura
423 886 488 946 est:
513 879 587 946 aliis
611 879 697 944 male
718 878 866 944 ereditur.
913 880 975 944 ille
995 878 1139 944 salubres

262 985 425 1050 Aestates
449 987 599 1069 peraget,
625 982 680 1067 qui
703 981 806 1067 nigris
834 981 973 1067 prandia
990 982 1090 1047 moris

263 1087 401 1170 Finiat,
424 1091 501 1152 ante
522 1107 655 1172 gravem
678 1107 760 1170 quae
786 1084 904 1170 legerit
925 1086 1037 1151 arbore
1058 1085 1169 1150 solem.

262 1191 425 1256 Aufidius
448 1190 525 1256 forti
546 1190 706 1256 miscebat
727 1189 827 1255 mella
850 1190 1004 1272 Falerno,

215 1341 366 1396 pretantes,
384 1333 411 1382 in
427 1349 456 1382 eo
472 1333 523 1381 fere
539 1339 610 1388 sunt,
630 1339 658 1378 ut
674 1331 776 1393 exsequi
817 1330 937 1378 tilinaria:
961 1332 1048 1389 Urbes,
1060 1330 1360 1393 caloniae,etmuuieipia

215 1415 311 1462 nolint.
341 1413 460 1462 Horatius
471 1412 592 1474 figurate,
610 1418 639 1459 ut
651 1409 726 1460 Satis.
739 1411 777 1459 Π.
817 1412 1000 1473 respondebant
1028 1409 1156 1458 Catilinae
1183 1411 1287 1458 tumulis
1313 1411 1358 1459 sil-

217 1507 270 1540 vrr.
293 1493 340 1540 85.
367 1493 525 1556 Responsura
535 1492 708 1552 cupidinibus:
723 1490 776 1538 103.
817 1492 952 1540 pestribus:
965 1490 1009 1541 Ad
1019 1488 1144 1538 Atticum:
1166 1491 1203 1538 Ut
1211 1492 1305 1552 possim
1316 1490 1365 1538 tibi

217 1575 328 1620 anicius
347 1571 679 1633 eamiaresponsatopimis.
697 1567 776 1631 Epist.
817 1571 915 1632 aliems
935 1571 1087 1632 respondere.
1119 1567 1169 1618 Sed
1189 1569 1220 1617 de
1241 1569 1295 1617 istis
1317 1568 1360 1616 alii

216 1650 239 1698 I.
258 1664 278 1697 1.
298 1650 344 1698 68.
372 1651 417 1712 qai
434 1648 559 1711 sortaaae
584 1655 609 1698 te
632 1661 778 1710 resporssare
816 1647 936 1696 viderint:
958 1655 1017 1697 sunt
1033 1649 1100 1696 enim
1116 1648 1229 1697 obseura:
1252 1663 1298 1697 nee
1313 1648 1361 1699 Oa·

216 1731 353 1792 superbae
377 1729 497 1776 Liberum
521 1734 546 1777 et
571 1732 680 1776 erectam
703 1741 776 1788 prae·
816 1725 980 1775 tilinariarum
996 1728 1134 1776 auctoritati
1149 1727 1256 1775 multum
1272 1727 1360 1775 tribuo.

217 1822 278 1857 seres
291 1809 417 1856 hortatur
427 1813 452 1856 et
463 1813 545 1870 aptat.
572 1807 686 1855 Eandem
701 1805 775 1867 signi-
815 1804 872 1853 Nisi
893 1805 995 1854 meliora
1015 1806 1164 1865 afferantur,
1182 1805 1314 1855 Horatium
1333 1805 1360 1854 in

217 1886 369 1935 ficationem
386 1887 466 1949 vulgo
483 1885 593 1934 tribuunt
610 1884 714 1947 simplici
726 1899 776 1932 res-
816 1883 896 1946 Epist.
923 1884 958 1933 Π.
983 1898 1012 1932 11.
1037 1886 1076 1936 47.
1102 1885 1227 1946 scripsisse
1251 1884 1359 1947 putabo:

215 1965 350 2024 pondere,
366 1970 439 2025 atque
450 1963 485 2010 ita
496 1963 629 2012 Horatium
639 1976 692 2011 esse
703 1975 776 2009 usum
818 1960 958 2024 Civilisque
973 1964 1060 2011 radam
1077 1965 1135 2011 belii
1150 1965 1212 2011 tulit
1228 1968 1313 2011 aestas
1332 1964 1360 2011 ia

217 2041 316 2091 volunt
343 2042 422 2105 Epist.
447 2043 484 2091 Π.
509 2056 537 2090 11.
558 2042 600 2093 47.
640 2040 776 2102 ciuilisque
816 2054 903 2098 arma,
923 2041 1041 2090 Caesaris
1056 2042 1167 2103 samari
1180 2048 1361 2104 responsuram

217 2124 315 2170 rudem
343 2122 401 2170 belli
431 2124 492 2170 tulit
523 2127 609 2170 aestus
633 2123 661 2168 ira
685 2135 775 2180 arara,
817 2119 926 2167 lacertis.
961 2119 1055 2178 Arma,
1071 2134 1134 2182 quae
1145 2119 1236 2168 scilieet
1247 2120 1360 2169 resistere

221 2201 353 2248 Caesaris
370 2201 482 2262 Aupusti
502 2215 551 2248 aare
570 2213 723 2261 responsura
739 2199 775 2246 Ia·
815 2197 936 2246 auderent
956 2205 980 2246 et
1001 2205 1101 2261 possent
1120 2198 1218 2246 lacertis
1237 2199 1359 2262 Augusti!

218 2282 311 2328 certis.
348 2278 501 2342 Porphyrio:
518 2280 595 2338 „Nora
612 2290 774 2340 respmrsura:
815 2276 913 2326 Ironioe
937 2277 1046 2341 loquitur
1070 2280 1101 2327 de
1125 2279 1215 2326 militia
1238 2294 1295 2341 sua3
1320 2280 1361 2328 hic

219 2356 343 2420 imparia.
379 2358 454 2408 Bruti
479 2364 562 2406 autem
588 2371 657 2405 arma
682 2354 775 2419 signifi·
816 2355 928 2420 Philippi
949 2371 1007 2406 eum
1028 2357 1149 2406 demisere
1165 2357 1285 2406 humilem
1301 2372 1359 2422 pen-

219 2443 287 2485 eat.“
326 2437 455 2486 Sententia
475 2438 574 2500 quidem
597 2435 775 2499 interpretatio·
814 2435 852 2483 nis
869 2436 970 2493 decisis,
987 2436 1014 2484 in
1030 2437 1202 2486 Carminibus:
1225 2439 1360 2501 Philippos

220 2529 283 2564 nem
302 2516 426 2573 admittit,
443 2530 475 2563 an
487 2529 639 2578 responsura
655 2515 776 2572 admittat,
814 2520 839 2562 et
855 2519 957 2564 celerem
967 2514 1061 2578 sapam
1102 2514 1185 2565 Sensit
1204 2518 1295 2564 relicta
1310 2532 1360 2565 narr

220 2594 322 2642 dubito.
356 2595 421 2652 Res,
442 2609 505 2656 quae
523 2610 574 2643 non
591 2595 723 2657 respondet
740 2596 775 2642 ai·
815 2596 873 2642 bene
887 2596 1015 2655 pararat.

222 2677 275 2722 teri
298 2675 352 2732 rei,
378 2688 429 2721 non
450 2674 568 2723 satisfacit
589 2675 776 2738 exspectationi,
849 2672 900 2722 Sed
916 2673 988 2721 redeo
1004 2673 1157 2720 adversm
1179 2681 1301 2722 nosuum:
1320 2676 1360 2722 Ne

220 2769 304 2816 quam
322 2767 360 2801 res
372 2753 450 2800 altera
460 2761 614 2816 conceperam
631 2754 697 2816 quod
707 2767 776 2814 prae.
815 2755 914 2812 pollina
931 2755 1025 2801 saalum
1042 2758 1170 2814 responset
1181 2755 1248 2801 dara
1262 2756 1358 2816 palata.

221 2840 323 2892 statur,
335 2832 544 2894 exspectationem
555 2846 605 2879 non
616 2839 715 2894 aequat,
728 2832 776 2878 dis·
795 2825 797 2864 Ι
817 2829 846 2879 Si
871 2833 966 2879 matum
987 2831 1067 2878 adhue
1087 2845 1103 2877 a
1123 2832 1220 2887 nemine
1241 2832 1360 2897 explicari

221 2912 322 2968 simile,
340 2912 420 2972 impar
435 2918 487 2968 est,
512 2924 562 2958 non
578 2911 709 2971 respondet
725 2911 775 2971 opi·
814 2911 908 2972 potuit,
924 2909 961 2957 ita
977 2917 1004 2958 ut
1020 2911 1153 2972 castigatae
1164 2912 1358 2962 Latinitaticon·

221 2992 310 3048 uioni,
332 2989 422 3052 optatis
444 3003 495 3036 non
516 2989 653 3050 respondet.
687 2988 774 3037 Horat.
795 2989 896 3046 iverit,
921 2989 1024 3037 verbum
1048 3004 1102 3038 esse
1125 2998 1268 3053 corruptum
1289 3007 1358 3040 vero-

222 3071 305 3120 Satir.
330 3069 367 3117 II.
393 3082 450 3116 rur.
472 3068 512 3116 66.
547 3069 711 3128 Responsura
733 3073 776 3115 tao
814 3067 897 3115 simile
924 3069 1029 3116 videtur.
1074 3067 1126 3117 Cur
1157 3070 1276 3118 Horatius
1308 3087 1357 3120 non

219 3164 358 3210 nunquam
380 3153 418 3195 est
438 3162 488 3210 par
498 3147 576 3206 sama
593 3146 679 3194 labari.
697 3144 775 3207 Epist.
813 3146 960 3208 scripsisset:
990 3148 1029 3193 Ne
1045 3149 1115 3194 natu
1135 3149 1231 3208 pollina
1244 3153 1357 3198 ‚resistat

221 3229 261 3278 II.
281 3241 301 3275 1.
319 3226 343 3274 9.
378 3227 515 3274 Plaraaere
536 3227 589 3273 sais
608 3239 658 3274 nora
676 3239 775 3285 respou-
816 3229 882 3274 dara
898 3229 993 3289 patrata.
1008 3225 1096 3273 Prima
1106 3227 1260 3289 corruptelae
1269 3243 1357 3279 caussa

221 3305 410 3367 &refutarem
428 3305 565 3366 Speratum
577 3305 682 3352 meritiis.
695 3304 776 3351 Arma
814 3307 840 3354 in
862 3304 987 3354 vocabulis
1008 3305 1176 3366 transpositis:
1204 3311 1242 3355 lte
1261 3311 1358 3370 pallias

224 3386 313 3435 Bruti
321 3399 371 3433 non
382 3399 534 3445 responsura
545 3386 775 3444 lacertisrtapusti
815 3387 890 3434 rrrolii.
922 3382 1052 3433 Vocabula
1064 3383 1091 3430 iu
1103 3382 1192 3432 Satiris
1202 3392 1227 3432 et
1237 3386 1358 3448 Epistolis

225 3467 259 3513 ad
287 3479 343 3513 eam
368 3462 487 3511 rationem
508 3460 632 3523 explicata
652 3460 775 3521 signifiea-
814 3463 906 3512 centies
923 3462 998 3510 fuisse
1013 3462 1175 3525 transposita,
1195 3478 1268 3513 nemo
1287 3466 1356 3528 igno-

223 3553 298 3604 rent,
322 3544 429 3593 Brutum
459 3557 510 3590 non
535 3539 683 3588 satisfecisse
710 3538 774 3601 spei,
794 3582 796 3627 1
813 3550 864 3600 rat,
889 3549 915 3591 et
933 3542 984 3590 iam
1004 3541 1075 3600 alibi,
1093 3550 1122 3590 ut
1142 3541 1234 3592 iontem
1255 3544 1356 3595 vitiatae

224 3639 304 3688 quam
321 3622 454 3685 Augustus
466 3621 496 3668 de
507 3635 537 3668 eo
547 3625 700 3681 conceperat,
712 3618 775 3666 Bru·
794 3644 796 3684 3
813 3623 948 3685 scripturae
959 3621 1122 3679 uberrimum,
1134 3623 1283 3673 notavimus.
1300 3627 1356 3675 Iam

225 3711 331 3766 tumque
348 3702 409 3749 adeo
425 3707 450 3749 et
462 3701 607 3764 Augustum
624 3699 700 3748 fuisse
715 3699 775 3748 arni-
794 3687 796 3778 ζ
814 3702 882 3751 asciti
892 3708 945 3749 erat
955 3702 1113 3760 mutandum,
1129 3706 1195 3752 maie
1204 3706 1358 3768 repugnabat

225 3797 277 3831 eos.
297 3783 457 3842 Respondete
471 3794 567 3843 semper
584 3778 773 3828 similitudinem
793 3792 796 3871 p
813 3788 905 3841 metro,
925 3797 986 3846 ergo
1005 3783 1157 3832 scribebatur
1177 3787 1283 3843 mum,
1301 3803 1355 3838 mu·

226 3876 326 3920 rerum,
343 3867 371 3907 ut
388 3860 434 3907 hoc
451 3867 523 3914 utar,
540 3859 647 3906 aramum
664 3871 713 3904 non
727 3859 774 3904 ici·
794 3874 796 3886 *
812 3861 916 3910 tandm
933 3869 987 3909 erat
1003 3865 1120 3920 resistat,
1139 3863 1289 3916 scribebatur
1305 3885 1356 3918 res-

227 3943 321 3990 miaam
341 3939 445 3995 indicat,
466 3944 531 3986 certe
554 3950 602 3983 uon
620 3935 708 3992 talem,
726 3950 775 3998 qua
793 3962 795 4013 3
812 3949 907 4003 pomer.
941 3943 996 3990 Iam
1012 3946 1079 3991 dura
1094 3945 1302 4008 9apsmpu12hre
1313 3961 1355 4009 ορ.

227 4021 336 4079 Brutus,
357 4019 384 4066 in
404 4032 488 4081 pugna
509 4016 627 4078 Augusto
649 4016 728 4077 impar
750 4022 774 4061 et
793 4066 795 4078 ¹
813 4020 913 4082 ponitur
930 4024 999 4070 arretii
1012 4025 1106 4084 palata.

227 4098 259 4146 ab
276 4112 307 4146 eo
322 4097 416 4154 victus,
433 4089 795 4158 Augustoaaaresporrdissei
845 4098 994 4148 Doderlinus
1020 4115 1118 4164 quoque
1136 4103 1266 4152 discrimen
1290 4104 1355 4154 inter

228 4177 356 4226 diceretur.
391 4174 485 4223 Afferri
505 4174 576 4222 video
598 4172 656 4220 bina
677 4171 773 4222 Cicero·
793 4192 795 4245 p
814 4180 958 4240 respondere
973 4186 998 4226 et
1014 4195 1161 4241 respuas-rare
1177 4184 1355 4242 animadvertit,

228 4258 267 4306 nis
284 4245 409 4320 ex'empls,
427 4269 504 4302 unum
521 4269 554 4301 ex
571 4252 717 4302 Catilinaria
734 4253 769 4302 ΙΙ.
814 4273 860 4306 nec
880 4267 1004 4306 recusaret
1024 4261 1118 4307 sutrium
1141 4265 1288 4323 respondeat
1313 4281 1357 4327 pro

232 4340 269 4386 11.
296 4337 400 4386 alterum
423 4335 555 4396 ex.Epist.
577 4333 608 4380 ad
630 4333 707 4381 Attio.
725 4332 772 4380 IV.
816 4339 893 4387 araim
906 4339 1000 4386 saalum
1015 4341 1187 4402 tamenpotius
1197 4343 1285 4406 accipit
1298 4360 1356 4408 qua.

231 4417 269 4464 10.
302 4417 438 4474 Neutrrun,
461 4415 526 4478 quod
543 4414 582 4461 hic
600 4421 652 4462 erat
669 4413 772 4474 proban·
815 4417 835 4465 si
863 4417 889 4463 in
917 4417 1055 4478 parenthesi
1082 4411 1203 4479 positum,
1233 4432 1261 4470 ut
1292 4427 1355 4474 indi·

229 4496 303 4556 dum,
320 4497 381 4546 mihi
398 4496 456 4545 satis
475 4494 576 4557 probaro
594 4494 699 4542 videtur.
728 4493 774 4542 Oa·
816 4500 906 4559 prium!
