3542 5634
666 507 936 574 LIBERI.

281 699 412 780 Altera,
436 697 485 760 nil
508 697 635 762 obstet:
660 696 736 763 Ooie
761 698 822 763 tibi
843 720 947 784 poene
969 699 1078 766 videre
1101 708 1152 766 est

282 801 332 866 Ut
352 799 493 881 nudam,
518 820 559 863 ne
582 820 674 864 orure
696 799 799 882 malo,
823 822 865 865 ne
889 800 934 866 sit
955 801 1037 886 pede
1061 803 1167 887 turpi:

283 903 395 970 Metiri
418 902 526 988 possis
550 902 644 967 oculo
666 902 764 968 latus,
788 903 844 967 An
867 902 930 968 tibi
952 904 1057 970 mavis

238 1093 300 1143 ratio
317 1093 339 1142 1.
356 1090 404 1141 Od.
424 1092 462 1140 12.
492 1092 548 1140 Hie
568 1096 594 1140 et
609 1092 725 1140 inseritis
740 1091 790 1139 Cu·
829 1091 924 1149 finient,
941 1093 1072 1155 quominus
1088 1095 1119 1143 de
1135 1094 1316 1158 pulchritudine
1336 1106 1372 1148 to-

237 1175 306 1220 rtum
322 1171 423 1233 cupillis
438 1175 463 1218 et
482 1166 574 1217 Ovidio
585 1168 635 1217 VI.
652 1169 720 1218 Fust.
732 1168 790 1219 Μ
829 1173 878 1219 tius
891 1171 1000 1234 eorporis
1017 1172 1126 1221 iudioore
1142 1174 1226 1237 possit.
1250 1176 1321 1224 Nihil
1337 1177 1372 1224 vi·

238 1252 340 1299 Intonsi
363 1250 433 1311 reeta
453 1263 545 1309 maesta
572 1247 695 1294 Numae.“
728 1245 791 1306 Quis
830 1250 871 1298 det
887 1257 985 1312 praeter
1000 1251 1093 1300 sociem.
1127 1252 1200 1315 Toga
1215 1255 1320 1304 demissa
1337 1264 1374 1305 est

238 1345 288 1378 nou
305 1325 533 1380 verosimillimum
547 1332 626 1388 putet,
641 1338 733 1373 nomen
745 1325 789 1374 02·-
830 1329 862 1375 ud
877 1329 953 1389 tulos,
973 1337 998 1379 et
1022 1331 1105 1380 omnis
1125 1330 1176 1380 fero
1196 1341 1255 1384 sunt
1271 1334 1373 1383 circum·

240 1409 346 1470 tuitionis
363 1404 453 1454 Servio
469 1403 545 1453 fuisse
561 1404 733 1467 inoognitum?
830 1407 904 1455 dueta
928 1409 1004 1472 pullo,
1029 1425 1092 1475 quse
1112 1418 1172 1474 toga
1188 1420 1213 1461 et
1228 1413 1294 1476 pulla
1310 1415 1374 1464 invi-

271 1485 403 1535 Invenitur
420 1483 447 1530 in
464 1482 566 1532 Glossis.
590 1484 629 1532 At
645 1482 790 1532 Glossurum
830 1486 905 1534 deaut
923 1502 1040 1552 apparere
1055 1503 1108 1538 rem
1129 1489 1156 1537 in
1176 1489 1242 1539 eluro
1266 1492 1321 1542 luoe
1337 1494 1374 1541 vi·

239 1572 350 1613 auctores
365 1562 551 1610 habueruntex
560 1562 664 1610 Horntio
677 1561 727 1610 ism
737 1576 790 1609 oor·
830 1564 943 1614 dendsm.
976 1567 1007 1615 Iu
1024 1567 1112 1617 liberta
1128 1570 1212 1618 omniu
1228 1579 1320 1621 contre.

239 1651 319 1708 rupto.
351 1642 393 1690 Illi
410 1649 492 1691 nutem
508 1655 581 1704 saepe
602 1641 720 1690 voonbuln
739 1642 790 1690 Ho·
864 1647 957 1694 Altero
973 1648 1011 1696 nil
1026 1650 1125 1708 obstan
1149 1649 1209 1697 Cois
1230 1651 1276 1698 titi
1295 1666 1376 1713 poeste

238 1723 335 1772 rutiuns
350 1726 376 1769 et
391 1719 534 1782 virgiliana
554 1720 790 1784 interpretabantur:
831 1724 914 1772 vidae
929 1730 966 1773 est
995 1726 1033 1774 Ut
1048 1729 1156 1784 nudam,
1173 1743 1205 1776 ne
1220 1743 1293 1778 crure
1302 1732 1376 1786 niolo,

239 1803 365 1860 reeordor,
381 1817 405 1850 v.
415 1813 435 1847 o.
451 1800 619 1848 Philoxenum
636 1798 791 1863 interpretari
830 1817 862 1849 ne
874 1804 908 1850 sit
916 1806 977 1866 pede
994 1808 1079 1868 turpi:
1098 1805 1191 1854 Metiri
1206 1806 1287 1868 possis
1307 1807 1376 1854 oculo

238 1885 396 1944 Ennipater.
425 1879 529 1938 Ἐννιος
543 1877 636 1943 πατὴρ.
653 1885 790 1937 reeteore-
830 1881 907 1930 latus.
940 1882 995 1931 Alii
1010 1883 1082 1932 aliter
1097 1884 1261 1948 distinguunt,
1280 1885 1375 1941 ut‚At-

239 1961 284 2018 do,
316 1961 366 2009 ium
395 1961 552 2009 emendatum
581 1958 684 2006 Ennius
706 1962 791 2018 pater.
832 1964 889 2008 tera
905 1961 944 2008 nil
960 1963 1044 2009 obstat
1068 1962 1126 2011 Cois
1142 1964 1196 2012 tibi.
1229 1961 1295 2012 Mihi
1317 1961 1377 2010 Coie

239 2039 421 2104 Wouwerenus
437 2040 469 2086 nd
484 2038 501 2086 l.
519 2037 535 2086 l.
552 2034 663 2085 Petronii
676 2049 709 2083 ex
720 2034 791 2084 Glos·
831 2051 877 2099 pro
902 2039 930 2085 iu
953 2038 1010 2088 Cois
1034 2054 1085 2088 uon
1109 2040 1201 2104 planet,
1225 2053 1271 2089 neo
1294 2042 1378 2090 obstat

239 2117 273 2167 sis
289 2118 372 2168 offert:
392 2118 495 2182 Cintflo.
512 2113 664 2180 ἑμπλέκτηςε
681 2121 722 2172 et,
741 2118 790 2161 Γυ·
834 2114 893 2164 Cois
913 2115 973 2166 sutis
989 2117 1079 2167 Istius
1096 2119 1248 2181 siguifiesret
1273 2125 1377 2181 propter

239 2202 335 2246 ναικῶν
350 2195 492 2260 cooperire,
508 2202 574 2243 reete
589 2192 715 2255 oorrigens
731 2192 791 2240 oini-
834 2193 900 2242 Coae
910 2201 1001 2245 vestes:
1012 2210 1058 2245 neo
1065 2198 1221 2262 perspicuum
1232 2204 1282 2256 est,
1292 2203 1377 2246 utrum

233 2275 281 2337 flo.
313 2275 438 2338 Exemplo
463 2274 563 2338 quidem
586 2271 687 2322 Ioannis
717 2269 792 2321 Sulis·
831 2277 916 2324 altera
932 2275 964 2323 sit
987 2276 1156 2328 nominativus
1181 2276 1320 2336 absolutus,
1344 2291 1377 2325 sn

239 2353 357 2404 &nensis
373 2361 399 2402 et
418 2353 491 2403 Bulbi
507 2353 534 2402 in
551 2351 679 2402 Cstholioo
694 2349 792 2398 nullum
831 2353 986 2416 iungendum
1003 2357 1088 2406 altera
1103 2360 1202 2418 obstat,·
1218 2358 1377 2421 tumquseri·

239 2440 394 2482 momentum
410 2433 509 2482 fuciunt
526 2431 592 2482 Sunt
607 2429 736 2492 scriptores
749 2427 792 2491 qui
832 2439 873 2480 tur
889 2433 1052 2483 dicendumne
1072 2437 1154 2484 obstat
1174 2453 1205 2486 ne
1220 2438 1267 2496 sit,
1289 2450 1322 2484 un
1340 2439 1377 2485 ut·

239 2512 496 2562 vivebantsubfinem
511 2506 792 2561 sneouliXHetXIII·
832 2513 892 2561 dere
907 2517 944 2562 est
960 2528 991 2562 ne
1006 2514 1049 2562 sit.
1082 2513 1173 2563 Melior
1189 2515 1292 2565 fortusse
1313 2523 1377 2566 esset

240 2593 327 2656 Digne
341 2599 438 2651 tumen,
455 2605 518 2653 quse
538 2590 683 2639 referuntur.
717 2585 791 2636 Sulis·
832 2591 925 2640 oratio:
947 2593 1054 2642 Altero?
1068 2594 1108 2641 nil
1123 2595 1225 2643 obstant
1244 2594 1376 2655 Constitit,-

239 2671 357 2720 beriensis
374 2671 401 2719 iu
416 2671 484 2732 Nug.
510 2669 570 2720 eur.
582 2667 633 2717 111.
646 2666 684 2716 12.
701 2664 791 2726 „Quod
831 2686 911 2733 poene
926 2671 1010 2720 uidere
1024 2677 1062 2720 eut
1084 2672 1378 2732 desudamenta

239 2749 388 2807 cubicularii,
405 2756 448 2797 out
464 2747 602 2804 ciniflones,
623 2745 727 2804 nenive,
748 2751 792 2792 out
833 2751 912 2812 mato,
927 2765 958 2799 ne
973 2751 1009 2798 sit
1023 2752 1086 2813 pedo
1101 2751 1177 2814 turpi.
1212 2752 1305 2802 Metiri
1321 2769 1377 2817 pot·

240 2828 380 2892 quicunque
396 2827 559 2883 nebulonum,
570 2825 659 2888 quibus
673 2824 791 2873 delicatus
831 2829 867 2876 sis
881 2831 952 2877 oculo
969 2831 1044 2878 latus.
1079 2827 1181 2889 Altero,
1192 2828 1377 2894 interrogative,

240 2908 333 2956 divitiis
350 2921 436 2954 sensus
453 2913 496 2953 sut
506 2905 575 2953 furor
587 2918 670 2952 curere
686 2917 736 2952 non
749 2917 791 2965 po-
832 2907 913 2968 mngis
930 2921 963 2955 ex
978 2907 1068 2971 ellipsi,
1085 2923 1159 2971 quam
1171 2910 1324 2960 nominativo
1337 2913 1377 2961 ab

240 2991 312 3036 tost.“
336 2985 430 3036 Bulbus
441 2984 587 3034 catholieo:
613 2981 734 3041 „cinifl0,
749 2980 792 3042 qui
831 2985 913 3033 soluto
930 2985 1097 3048 intelligendo.
1125 2986 1192 3048 Quid
1207 2988 1299 3039 ultera?
1315 2991 1377 3052 agit·

240 3066 408 3114 alumnorum
428 3061 550 3120 elensis,
574 3060 665 3109 soilioet
685 3060 791 3118 ferrum,
833 3076 877 3120 ne,
902 3071 931 3110 ut
955 3069 1084 3114 metrone?
1116 3068 1234 3116 eodemne
1253 3069 1326 3116 modo
1351 3083 1379 3117 se

240 3158 290 3207 quo
306 3141 388 3205 onpilli
403 3142 550 3204 crispantur.
582 3140 632 3189 Hic
647 3138 724 3202 vulgo
742 3142 790 3189 crt-
833 3142 986 3190 vestimentis
1010 3151 1099 3202 totum,
1125 3152 1228 3208 excepto
1250 3146 1323 3204 facie,
1340 3147 1378 3194 in-

241 3221 434 3286 uiserdioiturf‘
834 3220 928 3270 volvit?
961 3221 1012 3271 Ubi
1033 3224 1082 3271 duo
1103 3222 1212 3272 subiecta
1235 3237 1377 3287 comperen-

275 3300 438 3350 Ciniflonibus
448 3300 533 3362 igitur,
543 3298 696 3358 custodibus,
707 3299 792 3348 lection
833 3307 875 3348 tur
892 3306 917 3349 et
933 3301 1038 3350 alterum
1055 3302 1126 3350 ultori
1135 3303 1275 3366 opponitur,
1285 3309 1378 3366 postre-

240 3388 266 3430 et
290 3381 404 3444 parasitis
427 3379 522 3438 eiectis,
544 3385 625 3428 totum
650 3377 732 3427 locum
757 3376 792 3425 sio
833 3394 902 3427 mum
919 3388 985 3429 recte
994 3395 1039 3444 per
1055 3380 1273 3444 interrogationem
1290 3381 1378 3444 ellipti-

242 3460 442 3510 eonstituendum
457 3457 576 3506 arbitror:
605 3459 636 3506 Si
652 3458 791 3506 interdieta
832 3471 887 3506 enm
911 3457 1019 3508 effertur.
1052 3458 1169 3509 Fortasse
1192 3461 1277 3508 endem
1298 3460 1379 3510 formu

240 3545 323 3601 petes,
340 3541 407 3588 υαὶὶο
422 3537 583 3587 circumdata
604 3534 674 3595 (num
691 3539 716 3583 te
733 3535 792 3584 Hoo
832 3537 957 3585 reddendo
972 3544 1009 3586 est
1025 3538 1127 3587 Luosuo
1137 3538 1188 3588 111.
1204 3539 1310 3588 eti—te.
1330 3539 1380 3591 Ille

235 3612 603 3684 saottinsunum)multuetibi
616 3618 670 3660 tum
680 3612 792 3674 efficient
832 3614 987 3680 (Pompeius)
1012 3621 1094 3668 mutor
1113 3619 1149 3682 ing
1165 3633 1239 3668 arma
1262 3620 1324 3668 ruit.
1345 3645 1378 3656 -

243 3710 297 3753 res,
323 3695 367 3745 Aa
390 3693 457 3743 talos
474 3698 532 3755 toea
548 3693 667 3749 demissa,
691 3695 718 3739 et
742 3692 790 3740 cir·
834 3695 929 3745 Caesar
943 3702 972 3746 ut
988 3698 1131 3747 emissus-
1147 3699 1281 3748 millum
1297 3699 1379 3761 elusa

242 3776 363 3824 cumdum
385 3774 458 3835 palla
474 3772 613 3828 Plurima,
638 3784 702 3833 quus
726 3771 790 3820 iuui-
828 3776 901 3835 pulei
924 3776 1059 3840 Laeufloat
1076 3773 1176 3840 Maeni.
1193 3776 1302 3839 Legem:
1316 3777 1378 3828 Cae·

243 3855 320 3903 deant
342 3867 409 3916 pure
431 3865 555 3913 apparere
577 3851 625 3898 titt
644 3865 705 3899 rem.
741 3849 791 3911 Qui
830 3856 892 3902 sur?
917 3859 948 3902 ut
969 3855 1072 3902 minsas
1093 3853 1161 3903 venti
1186 3871 1295 3919 rapuere
1312 3857 1378 3906 ouri-

243 3936 373 3979 matronur
388 3931 457 3993 petit,
469 3929 530 3993 petit
542 3929 608 3993 quod
618 3928 789 3987 interdictum,
830 3946 889 3985 nor,
908 3933 1093 3995 Absconditque
1109 3931 1215 3994 fretum
1234 3937 1336 3993 elmete,
1353 3941 1378 3984 et

243 4010 310 4073 quod
331 4008 436 4056 vetitum
457 4015 507 4067 est,
529 4016 554 4056 et
574 4007 645 4072 quusi
662 4007 727 4056 vullo
743 4008 780 4057 oir
830 4011 905 4058 litore
921 4012 987 4058 solus
1004 4010 1067 4058 Dus
1086 4012 1158 4058 stetit
1179 4013 1313 4073 Hesperio,
1329 4027 1378 4061 nou

243 4088 387 4137 oumdntum
412 4093 436 4134 et
461 4087 587 4135 munitum
607 4085 639 4134 nb
658 4086 790 4147 adulteris,
829 4089 903 4136 illum
919 4089 1000 4150 pluria
1017 4088 1090 4149 pulsi
1124 4088 1260 4151 Laetificat
1278 4091 1377 4152 Maeni.

243 4175 272 4216 ut
289 4166 383 4214 incluso
406 4163 450 4211 illu
472 4164 561 4214 Daunii
582 4166 609 4212 in
625 4166 689 4214 turri
705 4181 788 4215 senen.
831 4165 950 4226 Quaestio
970 4167 1001 4214 de
1021 4165 1174 4214 nominativo
1203 4166 1315 4215 absoluto
1342 4168 1377 4216 ls-

243 4247 331 4310 Atque
355 4248 402 4293 hoo
426 4243 507 4306 ipsum
531 4251 557 4292 te
581 4243 637 4292 facit
658 4246 789 4305 insanum,
830 4245 880 4292 tius
903 4252 983 4307 putot:
1009 4251 1034 4293 et
1059 4244 1138 4293 multu
1161 4246 1288 4309 exemplu,
1313 4263 1377 4310 quse

244 4327 303 4391 quin
318 4324 446 4389 proprium
462 4329 500 4371 est
516 4329 619 4371 naturae
629 4322 790 4372 bumsnnein
830 4323 975 4382 offeruntur,
1002 4324 1038 4372 itu
1061 4323 1178 4386 explicari
1201 4332 1318 4387 possunt,
1349 4336 1377 4377 ut

245 4405 350 4454 vetitum
365 4403 412 4452 niti
428 4410 453 4452 et
469 4416 558 4466 euporo
568 4409 673 4465 negutu:
690 4404 789 4467 quiigi·
829 4403 910 4466 mogis
927 4401 1017 4451 rstioni
1030 4402 1191 4464 eonveniunt,
1209 4418 1284 4467 quum
1309 4405 1376 4454 vide·

245 4492 287 4534 tur
302 4490 428 4534 mutronus
443 4483 513 4547 petit,
523 4482 582 4532 huie
596 4480 689 4531 multae
704 4482 788 4532 resof-
830 4489 880 4533 tur.
903 4480 1050 4532 Perizonius
1070 4483 1101 4531 nd
1124 4482 1216 4533 Sunotii
1233 4483 1376 4534 Minervam
