3542 5634
670 505 851 569 LIBER
898 508 940 572 ll.

288 697 427 779 Pocula,
449 716 505 761 seu
527 693 664 759 modicis
687 691 813 758 uvescit
830 693 958 758 laetius.
1007 695 1095 781 Ergo
1185 751 1191 762 .

286 801 397 867 Sermo
419 799 538 879 oritur,
559 818 625 862 non
648 797 688 862 de
714 796 803 861 villis
823 796 1014 864 domibusve
1037 798 1173 885 alienis,

282 903 369 986 Neo,
390 901 477 966 male
497 920 598 964 necne
624 897 728 984 Lepos
751 897 865 981 saltet,
888 899 947 964 sed
969 901 1056 985 quod
1076 902 1181 987 magis
1200 904 1242 968 ad
1261 929 1320 972 nos

284 1005 431 1071 Pertinet
448 1009 481 1068 et
502 1001 625 1068 nescire
647 1001 772 1066 malum
796 1007 861 1084 est,
886 1002 1069 1086 agitamus:
1090 1010 1244 1072 utrumne

236 1131 468 1181 acriasiremodica
476 1130 637 1193 poculaoapit
650 1135 783 1176 -utrum
800 1113 803 1124 ¹
822 1136 847 1177 et
874 1136 945 1178 notat
973 1131 1118 1193 Terentium
1143 1135 1209 1197 qaod
1235 1134 1279 1184 ille
1304 1140 1365 1187 ordo

235 1226 283 1274 que
299 1211 360 1260 bene
377 1211 457 1260 habet.
491 1212 571 1260 Acria
594 1215 665 1258 vocat
682 1209 784 1271 sortia,
822 1209 903 1271 potior
946 1217 1014 1268 erat,
1054 1218 1083 1259 ut
1117 1212 1259 1263 adolescens
1296 1219 1364 1280 prior

235 1305 316 1350 mera,
333 1306 397 1354 aqua
412 1305 463 1339 non
483 1289 570 1338 mixta.
819 1295 967 1350 proponeret
988 1303 1100 1350 oausam,
1120 1293 1162 1355 qui
1182 1294 1272 1356 petitor
1292 1297 1363 1345 iada-

266 1372 306 1419 Et
322 1373 417 1420 amatre
433 1372 527 1418 matum
544 1374 589 1418 est.
622 1367 778 1430 Porphyrio:
819 1366 908 1414 citur.“
941 1367 1115 1428 Scholiastam,
1137 1372 1205 1419 addit
1221 1373 1363 1435 Bentleius,

234 1451 309 1509 „Hoc
325 1453 390 1499 seire
403 1451 521 1501 saluatus
537 1449 603 1510 quod
618 1449 711 1496 nescire
729 1449 778 1495 ert-
818 1444 958 1509 quicunque
968 1447 1012 1505 sit,
1023 1449 1216 1499 vetustissimum
1227 1451 1310 1513 fuisse,
1322 1457 1363 1506 vel

232 1544 288 1578 msa
304 1532 366 1577 est.“
399 1527 517 1578 Fortasse
536 1526 670 1585 sententia,
691 1525 777 1589 quales
817 1538 850 1571 ex
874 1525 959 1573 Lusoii
984 1526 1094 1576 versibus
1119 1536 1186 1578 certo
1207 1533 1284 1596 scias,
1301 1549 1362 1598 quos

231 1613 290 1654 sunt
306 1606 391 1656 Publii
408 1606 479 1670 Syri,
500 1613 525 1655 et
541 1606 652 1654 aliorum.
688 1605 777 1654 Altera
816 1603 880 1652 inter
901 1605 997 1669 reliqua
1017 1606 1144 1664 latitantes
1164 1611 1270 1674 primns,
1296 1618 1361 1678 quod

231 1697 328 1746 quoque
349 1698 406 1747 pars
430 1683 522 1734 Scholii
543 1684 650 1732 ostendit
666 1683 776 1731 membra
815 1683 905 1741 sciam,
930 1700 1016 1734 versus
1033 1701 1086 1736 esse
1102 1689 1258 1752 deprehendi.
1291 1695 1360 1743 Lati-

231 1761 326 1810 disiecti
346 1764 443 1826 potitae:
474 1762 530 1821 „De
553 1763 599 1810 hoo
622 1763 775 1826 disputamus
817 1768 881 1822 tant,
898 1765 984 1823 oredo,
1001 1765 1083 1828 plnres
1100 1782 1186 1817 versus
1199 1771 1294 1833 Lucii,
1310 1775 1361 1824 imo

230 1854 294 1903 quae
310 1841 424 1902 ignorare
441 1855 490 1889 non
506 1841 631 1904 expedit.‘'
664 1842 691 1891 Si
709 1841 775 1904 lege·
815 1843 899 1890 omnia
939 1844 1002 1903 lere,
1040 1861 1103 1908 quae
1149 1848 1189 1896 hio
1229 1849 1359 1913 leguntur,

229 1927 309 1969 retur:
333 1923 390 1970 Non
407 1924 565 1985 disputamus
580 1923 695 1984 tamor-are
711 1925 776 1984 quod
815 1928 874 1968 sunt
892 1923 978 1981 verba,
995 1925 1085 1987 quibus
1101 1928 1174 1989 poeta
1184 1939 1359 1992 argumentum

229 2002 344 2062 expedit,
361 2001 506 2049 haberemus
517 2000 664 2048 sententiam
675 2001 774 2048 Horatii
813 1999 912 2049 fabulae
933 2002 1056 2058 Thesauri
1078 2005 1103 2052 in
1124 2006 1232 2070 Prologo
1247 2011 1357 2073 explica·

228 2079 324 2128 duobus
341 2081 443 2129 senariis
455 2094 603 2144 expressam.
621 2079 697 2128 Multi
708 2081 772 2129 mul·
814 2080 863 2138 vit,
893 2082 940 2130 isto
964 2098 1040 2146 prope
1064 2086 1154 2142 modo,
1178 2101 1227 2149 quo
1251 2087 1359 2142 Plautus

228 2169 310 2209 torum
340 2161 468 2222 poetarum
497 2174 583 2209 versus
611 2159 637 2208 in
664 2159 771 2222 antiquis
813 2159 949 2224 Prologum
966 2162 1147 2226 Amphitryoni
1163 2167 1300 2227 praemisit,
1315 2172 1357 2220 ubi

227 2237 428 2288 Scholiislatent.
456 2239 617 2290 Memorabile
628 2240 770 2303 exemplum
812 2251 848 2284 vs.
865 2239 987 2299 sedicit,
1004 2257 1128 2292 auacuos
1144 2247 1358 2299 animumadver·
1406 2249 1414 2262 ‘

226 2332 267 2366 me
282 2319 403 2368 invenisse
418 2320 505 2382 putari
522 2320 587 2383 apud
601 2320 727 2368 Donatum
739 2321 770 2369 ad
811 2317 857 2365 tite
877 2321 950 2370 Dum
971 2323 1045 2370 huius
1065 2330 1239 2385 arpumeutum
1255 2329 1358 2392 eloquar

225 2397 362 2462 Prologum
378 2399 495 2448 Eunuchi
511 2399 675 2447 Terentianae
684 2415 720 2448 rs.
732 2399 769 2448 12.
810 2400 959 2448 comoediae:
977 2399 1035 2448 facit
1050 2401 1084 2448 ibi
1100 2401 1241 2466 loquentem
1258 2407 1355 2458 Merou-

225 2477 263 2525 ed.
280 2477 361 2527 Bentl.
394 2477 538 2528 Bentleius:
565 2478 619 2534 „De
636 2478 770 2528 Phasmate
810 2475 889 2534 rium,
906 2479 977 2527 utin
994 2479 1130 2529 Aulularia
1146 2483 1237 2532 Larem
1254 2484 1355 2537 familia-

224 2561 250 2604 et
267 2557 395 2607 Thesauro
412 2565 482 2606 vetus
501 2555 660 2615 scholiastes,
679 2557 731 2607 sive
749 2561 769 2607 is
810 2569 875 2604 rem:
901 2558 928 2605 in
957 2557 1062 2616 Casina,
1088 2560 1270 2622 Menaechmis,
1298 2565 1352 2615 Ru-

223 2634 339 2685 Donatus
351 2637 391 2685 hic
402 2637 446 2694 eit,
462 2636 515 2684 sive
531 2635 769 2701 quiseoantiquior,
809 2634 882 2685 dente
906 2638 958 2700 ipse
979 2638 1098 2696 Plautus,
1123 2646 1152 2687 ut
1175 2640 1215 2689 hic
1235 2642 1352 2707 Luscius,

223 2726 253 2760 ea
264 2729 308 2762 nos
320 2714 401 2773 docet,
416 2722 440 2764 et
456 2715 593 2764 lectissimis
604 2717 702 2779 quidem
715 2733 768 2767 ver·
808 2714 924 2779 loquitur.
958 2718 1016 2767 Non
1037 2719 1155 2768 habemus
1175 2727 1255 2770 totum
1271 2724 1352 2786 prolo-

223 2792 273 2851 hia,
298 2811 362 2859 quae
387 2805 411 2844 et
432 2796 473 2844 hic
493 2810 589 2859 quoque
612 2797 688 2859 digna
709 2809 768 2848 sunt
808 2810 881 2856 gum,
898 2798 941 2845 sod
952 2805 1060 2860 partem:
1077 2798 1184 2848 Luscius
1195 2801 1352 2852 aliaexora·

222 2887 285 2936 quse
310 2875 451 2940 legantur.“
486 2875 580 2924 Omitto
605 2891 671 2924 nuno
694 2893 767 2940 argu·
807 2875 872 2922 tione
897 2877 962 2924 senis
987 2883 1012 2925 et
1036 2878 1207 2937 adolescentis,
1229 2885 1352 2932 sententia

221 2961 333 3003 mentum
356 2954 510 3005 Phasmatis:
531 2953 611 3002 refero
632 2954 768 3013 Thesauri,
807 2953 929 3011 iudicum,
950 2962 975 3002 et
996 2957 1065 3004 exitu
1086 2956 1234 3006 Comoediae
1249 2960 1351 3013 adiecit:

221 3031 319 3080 fabulae
336 3032 435 3080 Lasoii:
454 3030 635 3090 „Adolescens,
655 3033 766 3094 quirem
806 3031 888 3080 exitus
905 3033 1008 3081 sortasse
1025 3034 1065 3082 hic
1080 3035 1135 3094 fait,
1149 3037 1191 3099 qui
1208 3051 1261 3086 esse
1276 3041 1349 3102 solet,

129 3109 134 3116 ’
220 3114 369 3163 familiarem
385 3113 494 3176 nequitia
504 3113 656 3174 prodegerat,
667 3127 765 3162 servum
805 3117 833 3157 ut
868 3126 946 3160 senex
981 3127 1072 3160 avarus
1108 3113 1222 3164 habuerit
1258 3117 1349 3178 filiam,

218 3193 296 3242 mittit
321 3194 352 3242 ad
377 3193 454 3257 patris
477 3199 680 3252 monumentum,
701 3197 765 3257 quod
805 3189 837 3236 ab
853 3190 1007 3239 adolescente
1031 3198 1151 3249 amatam,
1181 3208 1284 3258 eamque
1310 3198 1347 3246 illi

218 3287 297 3322 senex
313 3273 359 3321 sihi
375 3275 446 3322 virm
462 3272 560 3335 magnis
582 3272 669 3335 opibus
692 3288 765 3337 appa·
804 3275 910 3332 nuptum
933 3270 1034 3320 dederit
1068 3270 1163 3320 Versus
1184 3272 1210 3321 hi
1232 3288 1285 3324 esse
1306 3292 1348 3340 po.

217 3358 331 3409 rarerat,
349 3359 377 3400 ut
394 3353 418 3400 id
436 3353 555 3416 aperiret,
575 3352 690 3401 illaturus
707 3368 764 3416 epu·
803 3355 916 3398 tuerent:

217 3431 267 3488 las,
284 3446 345 3495 quas
366 3439 436 3495 pater
456 3438 511 3495 post
531 3446 624 3480 annum
640 3433 763 3483 decimum

217 3517 318 3560 caverat
333 3511 380 3560 sibi
396 3509 488 3559 inferri.
523 3510 571 3560 Sed
588 3524 645 3558 eum
662 3525 763 3574 agrum,
804 3506 964 3567 Adolescens,
987 3510 1031 3571 qui
1055 3524 1108 3559 rem
1127 3512 1242 3574 aequitio
1258 3517 1345 3576 prada

216 3592 309 3654 inquo
324 3597 513 3640 monumentum
531 3596 596 3648 erat,
618 3604 694 3640 senex
710 3592 763 3655 qui·
866 3594 950 3650 perat,

216 3673 274 3719 dam
286 3686 375 3719 avarus
387 3671 417 3719 ab
428 3669 581 3719 adolescente
593 3678 692 3721 emerat.
706 3671 762 3721 Ser·
803 3667 909 3716 Seruum
920 3668 955 3716 ad
963 3669 1079 3730 patrium
1092 3678 1277 3721 monumentum
1288 3676 1347 3724 mit·

216 3765 263 3799 vus
281 3752 312 3799 ad
324 3751 482 3814 aperiendum
493 3756 680 3797 monumentum
692 3751 761 3798 auxi-
867 3749 915 3807 a't,
930 3749 996 3811 quod
1010 3762 1083 3798 tenea

215 3830 249 3879 lio
261 3845 320 3878 usus
331 3832 407 3889 senis,
424 3829 580 3878 Thesaurum
591 3844 647 3877 oum
659 3830 761 3892 epistola
802 3826 858 3875 Stoi
867 3829 939 3876 aimus
950 3830 1046 3889 araquio
1056 3828 1144 3889 opibus
1154 3838 1335 3892 apparaverat,

215 3910 306 3959 ibidem
317 3909 414 3974 reperit.
433 3909 515 3958 Senex
528 3909 760 3966 Thesaurum,tam·
805 3907 842 3954 Ut
858 3908 887 3954 id
902 3907 1027 3967 aperiret,
1045 3908 1169 3955 illaturus
1185 3910 1281 3958 scilieet

214 4005 291 4052 quam
308 4005 323 4037 a
338 4004 364 4038 se
380 4004 424 4052 per
441 3988 576 4036 tumultum
593 3987 705 4036 hostilem
718 3989 760 4036 de·
802 3986 910 4046 Epulas,
922 3988 971 4034 sibi
981 4000 1044 4050 qaae
1054 3985 1148 4048 inserti
1158 3995 1261 4036 camut
1268 3995 1345 4051 pates·

213 4069 320 4127 fossum,
336 4070 425 4117 retinet
441 4075 465 4116 et
482 4068 528 4117 sibi
544 4067 658 4116 vindicet.
689 4067 757 4117 Ado·
801 4065 934 4112 Decimum
942 4070 1115 4125 postaaaum.
1144 4065 1195 4113 Sed
1204 4069 1344 4128 aerumma

212 4148 307 4197 lesoens
321 4148 424 4197 iudicem
437 4147 515 4211 capit:
531 4148 596 4210 apud
606 4161 680 4209 quem
691 4147 758 4210 prior
831 4158 879 4205 quo
895 4149 1079 4192 mouumentum
1095 4148 1164 4201 erut,

212 4242 297 4287 senex,
309 4228 351 4291 qui
363 4242 452 4275 aurum
463 4226 565 4285 retinet,
577 4241 676 4274 oausam
687 4240 756 4276 suam
800 4223 880 4271 Senex
897 4236 991 4270 auarus
1007 4224 1039 4271 ab
1055 4222 1207 4270 adolescente
1222 4226 1326 4273 emeat

212 4307 323 4370 sicagit:
343 4307 515 4362 Athenienses,
528 4307 681 4354 bellumcum
689 4306 757 4353 Rho·
801 4303 892 4350 Seruus
916 4307 1100 4349 ntoaumeatum
1126 4301 1161 4347 ad
1180 4303 1342 4362 aperiendum

211 4388 338 4436 dunatus
359 4386 432 4444 Quod
440 4385 541 4446 suerit,
557 4384 618 4446 quta
633 4397 674 4446 epo
682 4397 756 4444 prue—
862 4393 924 4428 usus
939 4381 1007 4427 aenis

211 4466 311 4517 dicem?
328 4473 352 4514 et
363 4471 456 4522 cetera,
472 4477 534 4526 quae
545 4469 631 4511 eontra
641 4469 756 4510 naturam
800 4461 917 4516 Auxilio,
938 4459 1033 4522 reperit
1054 4458 1200 4506 thesaurum
1219 4474 1276 4508 rum
1291 4463 1342 4524 epi-

212 4545 320 4608 iurisque
345 4544 544 4592 consuetudinem
569 4543 648 4605 posita
674 4541 756 4603 arguit
863 4542 935 4589 stola.
