3542 5634
656 569 701 631 Il.
749 585 875 633 snmus
899 586 936 632 11.
1298 570 1359 632 187

225 759 314 809 dieitur
330 762 456 807 00010100.
490 755 574 817 Magis
590 753 733 804 conveniret
748 752 851 802 militine
868 753 1003 802 Romunne.
1036 751 1072 800 Ilt
1092 764 1138 798 cur
1159 750 1278 800 Horatius
1295 751 1362 800 eddi-

225 838 302 886 disset
316 841 374 900 pete
390 834 473 884 cireen
489 832 577 883 disco?
609 832 667 880 Pilu
683 830 765 880 simile
785 830 982 879 sdditumentum
1003 828 1089 891 poscit.
1124 829 1159 878 111
1180 845 1258 893 quum
1279 832 1363 880 sumas

224 917 258 964 sit
273 915 345 979 qussi
362 914 452 972 telum,
470 927 520 976 quo
536 913 580 960 eiir
596 912 700 974 petitur,
718 911 760 958 air
776 913 844 959 disco
860 912 946 959 cedere
961 923 1012 958 uon
1028 915 1093 958 recte
1108 909 1241 972 cogitatur.
1267 911 1300 958 In
1315 911 1363 960 istu

224 998 335 1060 imagine
351 997 436 1046 cedens
452 1007 503 1044 non
519 992 651 1058 pulchrum
667 992 793 1055 epitheton
809 998 858 1049 est,
879 991 940 1054 quia
960 992 1045 1039 durus
1066 1004 1187 1052 mugnum
1203 992 1299 1053 pondus
1316 992 1361 1040 hu·

225 1078 280 1134 bet,
297 1083 322 1125 et
338 1075 414 1123 hostis
430 1075 519 1124 cedens
535 1086 585 1121 uon
599 1074 701 1135 petitur
717 1071 781 1130 telo,
797 1071 840 1120 sed
856 1077 925 1119 stans
941 1070 1068 1118 odverm.

178 1145 181 1150 ¹
275 1157 308 1206 P.
325 1156 364 1204 99.
399 1155 474 1203 Faria
491 1157 528 1202 est
542 1167 661 1214 promus,
679 1157 704 1201 et
720 1157 808 1200 atrum
825 1151 972 1214 Defendens
980 1150 1061 1212 pisces
1071 1151 1167 1201 1100001
1176 1165 1253 1199 neore.
1281 1149 1363 1199 Acro:

226 1233 420 1297 „contemnitur
435 1232 480 1282 illo
497 1239 621 1294 tempore,
638 1245 696 1280 cum
712 1237 768 1294 post
788 1229 901 1279 laborem
922 1229 1018 1292 appetis
1038 1228 1122 1278 cibum
1143 1229 1243 1278 uilem.“
1276 1231 1311 1280 111
1333 1231 1364 1280 de

226 1315 346 1380 piscibus:
364 1313 458 1375 „Apud
475 1317 500 1360 te
517 1309 589 1360 famis
606 1317 716 1373 tempore
731 1309 817 1372 piscis,
842 1315 970 1372 tamquam
991 1323 1042 1357 non
1062 1309 1185 1372 cupiatur,
1206 1323 1297 1358 exosus
1319 1317 1363 1360 est.

226 1395 287 1445 Tibi
303 1393 428 1442 videbitur
444 1391 525 1440 hieme
541 1391 698 1439 commodum
715 1390 743 1451 (l.
755 1390 916 1451 commotum)
927 1402 996 1437 mare
1006 1388 1186 1451 denegaturum
1197 1390 1300 1452 pisces.“
1316 1391 1364 1439 At-

226 1489 276 1538 que
299 1473 357 1521 tulis
378 1470 549 1533 interpretatio
570 1483 631 1518 veru
652 1475 698 1518 est.
732 1468 861 1518 Sententia
876 1468 958 1530 mugis
974 1466 1081 1516 eluceret
1096 1467 1118 1515 si
1133 1467 1270 1531 legeretur:
1296 1471 1366 1519 Foris

228 1557 277 1604 tili
292 1567 403 1616 pransus.
438 1551 501 1600 Post
517 1550 628 1598 laborem
643 1550 785 1598 stomachus
802 1548 878 1598 latret
895 1548 987 1597 eibum.
1019 1549 1301 1612 Nonexspeetus,dum
1310 1564 1365 1612 pro

227 1646 286 1682 mus
302 1631 399 1694 aliquid
414 1627 512 1678 delicati
529 1630 571 1677 det
587 1642 645 1677 oooo
661 1629 813 1691 perandum,
831 1633 875 1676 sut
892 1627 933 1676 hic
948 1626 1026 1689 pisces
1042 1641 1076 1675 ex
1092 1626 1146 1675 foro
1156 1634 1232 1690 petet.
1258 1629 1366 1676 Promus

228 1715 278 1761 tibi
294 1726 345 1760 non
362 1718 400 1760 est
416 1710 495 1766 domi,
512 1723 582 1758 mure
600 1711 648 1758 tibi
664 1709 772 1770 hiemat,
790 1708 904 1772 quamuis
920 1721 1021 1770 promus
1038 1708 1069 1756 sit
1084 1708 1163 1767 domi,
1181 1713 1207 1757 et
1221 1708 1300 1771 pisces
1315 1709 1367 1757 sint

228 1792 256 1839 in
274 1789 334 1838 foro.
372 1791 430 1837 Tibi
446 1794 484 1837 est
494 1789 581 1850 soris,
598 1794 627 1836 ut
643 1804 668 1837 v.
685 1802 706 1836 c.
723 1785 797 1837 Ovid.
815 1786 918 1838 Heroid.
936 1786 959 1834 1.
975 1787 1016 1836 31.
1045 1789 1146 1836 Diruta
1161 1793 1222 1838 suat
1238 1789 1309 1846 aliis,
1321 1790 1367 1838 um‘

228 1873 293 1922 miti
309 1873 440 1933 Perpumo
455 1875 562 1918 restant.

278 1950 310 1999 P.
326 1950 367 1998 99.
407 1949 479 1998 Unde
501 1954 579 2010 putas
603 1954 650 1996 aut
686 1947 738 2007 Qut
760 1949 883 2011 partum?
927 1943 982 1997 Noa
1006 1947 1034 1995 in
1057 1961 1117 1996 curo
1139 1947 1228 1996 nidore
1250 1947 1368 2011 uoluptas

230 2031 351 2086 Sumam,
367 2029 412 2077 sed
427 2028 454 2076 iu
472 2033 497 2076 te
513 2029 567 2089 ipso
583 2033 629 2076 ml.
662 2027 735 2076 Nihil
752 2041 784 2075 ex
801 2027 1001 2076 antecedentibus
1017 2034 1075 2089 apte
1091 2025 1197 2074 refertur
1212 2028 1244 2075 ud
1252 2036 1367 2093 pertusa.

229 2109 360 2172 Optimum
377 2113 445 2164 erut,
462 2106 506 2170 qul
521 2112 642 2168 portum,
660 2111 688 2152 ut
705 2106 776 2169 panis
794 2121 850 2154 oum
867 2106 918 2155 sale
935 2106 997 2155 boue
1013 2106 1263 2156 leniststomachum.
1296 2111 1368 2160 Unde

229 2195 277 2238 aut
294 2187 337 2250 qui
354 2185 453 2235 sufficit.
487 2186 600 2234 Verbum
622 2185 703 2234 multo
724 2185 864 2247 elegantius
880 2200 939 2233 oum
954 2200 1042 2234 cuumu
1058 2186 1094 2232 rei
1110 2185 1181 2234 istius
1197 2186 1366 2249 coniungitur.

233 2269 308 2316 Unde
321 2271 400 2328 putus
416 2271 463 2314 aut
484 2265 552 2324 Qut?
586 2267 700 2313 Pcritur
716 2281 765 2314 uon
782 2281 813 2314 ee
830 2280 891 2314 coro
906 2267 994 2315 nidore
1010 2266 1128 2327 uoluptas
1144 2266 1263 2325 Summa,
1280 2270 1367 2316 sedin

230 2354 256 2398 le
271 2349 327 2410 ipso
341 2351 385 2396 eet.
418 2346 492 2396 Unde
508 2351 552 2393 unt
568 2346 692 2408 quomodo
709 2345 756 2394 boo
772 2345 826 2394 fieri
842 2348 930 2408 putas?
964 2344 1030 2406 Quis
1045 2345 1161 2408 voluptas
1177 2360 1276 2394 summa
1291 2346 1366 2395 estin

231 2434 256 2475 te
273 2425 340 2489 ipso,
357 2440 408 2474 non
424 2425 524 2474 aliunde
540 2424 643 2487 peritur.

280 2503 311 2553 P.
329 2505 368 2553 99.
402 2504 585 2552 Pulmentora'a
602 2519 693 2565 quaere
708 2505 831 2551 sudando.
865 2502 947 2551 Acro:
965 2504 1051 2565 „qum
1067 2503 1169 2552 diceret:
1187 2504 1279 2552 Totum
1289 2519 1365 2554 suave

231 2589 281 2640 est,
297 2584 364 2646 quod
380 2589 436 2646 post
451 2581 560 2630 luborem
576 2582 706 2638 sumiturf‘
740 2582 788 2630 Est
804 2582 916 2630 seuerius
933 2582 1064 2638 iambicus,
1074 2597 1141 2631 unus
1153 2598 1185 2632 ex
1196 2583 1261 2641 istis,
1273 2584 1364 2647 quibus

231 2663 368 2714 sentcntiae
384 2661 552 2712 monostichae
569 2661 770 2718 includebantur,
787 2671 899 2723 tempore
914 2661 990 2709 etiam
1005 2661 1146 2711 recentiore.

281 2742 312 2790 P.
332 2742 385 2790 101.
418 2743 500 2799 Doti,
517 2742 602 2799 credo,
619 2741 710 2790 excidit
733 2756 764 2790 ex
781 2740 820 2789 his
837 2741 905 2789 Livii
921 2741 1053 2791 XXXIlL
1071 2743 1110 2791 ll.
1149 2743 1365 2806 thuealsiacen-

231 2823 284 2872 diis
299 2827 442 2880 comem,
460 2822 588 2870 adiutores
605 2822 746 2870 triumuiris
762 2822 932 2883 quinqueuiri,
949 2823 990 2870 uti
1005 2823 1043 2871 eie
1063 2823 1174 2871 Tiberim
1189 2837 1249 2871 suae
1264 2822 1367 2886 quisquc

231 2902 339 2965 rectoris
356 2901 477 2964 aedificiis
492 2905 646 2961 praeessent.
679 2899 841 2961 Lugendum:
863 2901 948 2961 thue
964 2903 996 2949 ab
1013 2902 1136 2951 incendiis
1151 2908 1294 2960 caueretur,
1310 2905 1368 2952 dati

231 2981 360 3030 adiutores
384 2993 419 3041 sq.
454 2976 597 3027 Similitudo
612 2976 742 3024 literarum
759 2978 816 3024 dati
832 2983 858 3025 et
873 2980 919 3025 udi
935 2979 964 3025 in
985 2980 1113 3029 adiutores
1133 2993 1242 3029 errorem
1265 2983 1367 3045 peperit.

234 3059 353 3123 Sigonius
370 3059 427 3106 dati
443 3054 574 3118 supplebat
590 3060 646 3116 post
661 3056 832 3116 quinquadri,
850 3053 960 3104 Gronov.
976 3057 1090 3105 mutabat
1106 3059 1147 3105 uta·
1162 3058 1190 3105 in
1206 3061 1269 3108 deti.

282 3138 316 3186 P.
334 3137 388 3184 102.
426 3137 544 3196 Tatioque
560 3135 656 3182 0100010
667 3135 743 3182 nidis
768 3133 856 3182 Livius
872 3148 959 3196 saepe,
975 3149 1001 3181 v.
1017 3149 1039 3184 c.
1056 3136 1156 3186 XLIV.
1167 3137 1209 3185 el.
1237 3139 1368 3188 Neminem

232 3217 294 3265 totis
310 3229 368 3262 moe
384 3215 477 3264 castris
492 3215 603 3276 quietscm
620 3215 725 3263 uideres.
758 3213 874 3262 Iuvenel.
893 3214 966 3264 satir.
984 3215 1060 3265 XlV.
1083 3215 1138 3265 155.
1175 3218 1260 3276 Quum
1284 3220 1307 3266 si
1331 3235 1369 3267 mc

232 3299 284 3344 1010
301 3294 386 3342 laudet
402 3294 497 3341 uicinia
511 3307 584 3354 papo.
618 3292 646 3342 si
663 3293 725 3342 desit
740 3294 767 3342 in
784 3293 831 3341 huc
847 3293 955 3342 formula
971 3300 1049 3353 totus,
1065 3296 1214 3358 praepositio
1224 3297 1308 3346 deesse
1318 3312 1368 3346 non

231 3379 320 3440 potest.
353 3373 385 3421 ln
401 3371 523 3434 singulari
539 3373 635 3422 ciconia
652 3379 732 3422 totum
749 3388 828 3437 genus
844 3374 996 3423 ciconiarum
1012 3375 1148 3437 cogitatur,
1159 3375 1238 3437 igitur
1249 3383 1315 3426 recte
1325 3379 1368 3426 ad·
1411 3407 1416 3414 ·

232 3451 346 3516 iungitur
363 3453 436 3500 nidis.
470 3451 597 3500 Iuvenalis
616 3451 689 3500 Setir.
708 3452 783 3501 XIV.
801 3453 842 3504 75.
875 3455 930 3502 Hic
950 3459 988 3501 est
1009 3469 1067 3516 erpo
1087 3455 1158 3502 cibus
1174 3457 1259 3517 alapas·
1274 3470 1370 3518 quoque

214 3533 344 3582 'culturis
359 3536 383 3580 01
399 3545 425 3579 ee
450 3531 594 3588 Pascentis,
610 3533 718 3593 propria
734 3547 811 3593 quum
828 3534 881 3581 iam
891 3532 964 3592 facit
980 3534 1069 3581 arbore
1084 3534 1163 3581 nidos.

281 3612 312 3660 P.
332 3610 387 3659 102.
421 3611 534 3658 Acumen
543 3613 581 3658 est
593 3611 621 3657 in
632 3611 754 3659 antithesi
763 3610 1008 3680 duobusctseptem.
1038 3611 1367 3663 UtinLiuioXXXVIII.

232 3693 273 3741 55.
308 3693 369 3740 Ideo
384 3695 495 3752 quatuor
510 3689 673 3739 nobilisstmos
690 3692 765 3739 duces
782 3694 926 3741 Poenorum
941 3693 969 3740 in
987 3693 1134 3754 Hispania,
1151 3697 1261 3754 quotuor
1276 3695 1368 3744 exerci-

106 3815 115 3832 ,
188 3831 189 3834 ¹
232 3769 538 3833 tussuditsupuoitque,
557 3775 587 3818 ut
603 3772 697 3818 duobus
724 3772 837 3820 Petilliis
853 3773 1031 3821 succumberet.
1064 3771 1183 3821 Notanda
1207 3771 1368 3822 111000100-

233 3850 351 3910 κοζηλία,
369 3863 419 3912 qua
435 3847 548 3897 Velleius
560 3847 707 3898 Paterculus
719 3849 816 3912 saepius
827 3850 930 3909 laboret,
947 3865 1022 3914 quam
1033 3851 1199 3901 Ruhnkeuius
1209 3852 1317 3901 uonvult
1326 3868 1368 3916 ag·

232 3941 346 3988 noscere,
363 3943 422 3976 nam
438 3927 515 3976 latere
531 3942 590 3976 enm
611 3943 662 3976 non
678 3929 765 3990 potnit.
799 3930 911 3979 Velleius
929 3931 950 3979 1.
970 3945 1007 3979 xr.
1037 3932 1157 3990 Quotuor
1166 3932 1240 3994 filios
1253 3934 1368 3981 sustulit.

233 4009 338 4057 Mortui
353 4009 405 4056 eires
421 4009 513 4056 lectum
528 4007 688 4055 stutuleruint
703 4013 813 4069 quatuor
831 4010 895 4072 filii.
929 4009 1044 4073 Cuperus
1064 4017 1176 4073 quatuor
1188 4010 1244 4072 stlt'i
1265 4010 1368 4059 delebat

233 4087 399 4136 Ruhnkenius
415 4092 520 4135 annotet
540 4085 677 4144 neminem,
699 4087 774 4136 semel
791 4089 930 4147 monitum,
952 4103 981 4136 su
1002 4089 1080 4138 verbu
1101 4089 1285 4152 requisiturum.
1318 4088 1369 4139 Sed

233 4169 355 4232 quomodo
372 4165 435 4216 ferre
451 4165 531 4229 potuit
546 4165 630 4214 lusum
647 4165 673 4213 in
689 4169 798 4216 sustulit
814 4175 839 4216 et
855 4169 1031 4216 sustulerunt?
1059 4168 1171 4216 Recteiu
1181 4167 1369 4230 Epigrammate

231 4248 277 4297 illo
293 4249 324 4296 de
338 4247 451 4304 Nerone,
468 4245 539 4308 quasi
556 4259 588 4293 ex
605 4245 681 4307 stirpe
698 4246 813 4295 Aeneae:
836 4248 945 4294 sustulit
961 4248 1002 4301 bic
1021 4252 1141 4305 matrem,
1154 4251 1260 4296 sustulit
1270 4250 1314 4296 ille
1325 4263 1368 4310 po·

234 4335 306 4378 trem.
340 4327 414 4389 Quod
429 4325 560 4389 pulchrum
577 4323 656 4374 estin
673 4326 875 4388 Epigrammata,
893 4340 966 4389 suepe
982 4327 1152 4389 turpissimum
1170 4327 1251 4375 estin
1267 4327 1369 4376 historie

233 4421 345 4455 acumen.
370 4407 404 4454 Et
419 4407 441 4454 si
457 4412 541 4453 auctor
560 4404 753 4467 Epigrammatis
770 4405 903 4454 addidisset
920 4408 1044 4464 bacmos,
1059 4406 1151 4469 quibus
1162 4407 1263 4456 Aeneas
1273 4413 1368 4470 petrem

234 4485 345 4542 sustulit,
362 4485 510 4548 corrupisset
527 4484 623 4543 lusum,
641 4485 683 4547 qui
700 4499 768 4534 nune
785 4486 879 4534 facetus
896 4493 940 4534 est.

283 4565 313 4613 P.
334 4565 387 4613 103.
424 4565 508 4614 Cornu
525 4567 580 4626 ipse
598 4565 682 4612 bilibri
718 4564 838 4614 Caecllius
854 4566 974 4628 instillat.
1010 4565 1140 4615 Bentleins
1158 4567 1242 4615 haeret
1259 4568 1323 4616 inter
1334 4568 1368 4615 di-
