3542 5634
672 492 853 556 LIBER
900 495 943 557 ll.
1304 500 1364 560 127

290 685 430 750 Coenam
453 702 530 766 ego:
554 685 592 744 tu
614 680 718 764 pisces
739 680 874 744 hiberno
898 703 938 744 ex
960 702 1096 764 aequore
1118 682 1225 747 verris.

291 787 407 872 Segnis
431 807 507 869 ego,
531 784 708 869 indignus,
733 784 789 869 qui
813 788 943 847 tantum
965 784 1168 868 possideam:
1193 785 1300 851 aufer!

291 893 390 958 Sume
413 889 474 954 tibi
498 889 619 954 decies!
644 888 705 952 tibi
728 888 953 953 tantumdem!
978 888 1040 954 tibi
1062 889 1199 974 triplex,

291 995 389 1060 Unde
410 1015 492 1059 uxor
513 992 622 1057 media
645 992 744 1057 currit
768 993 808 1058 de
830 999 926 1057 nocte
948 993 1103 1057 vocata!“

290 1098 396 1162 Filius
419 1096 542 1181 Aesopi
565 1096 744 1161 detractam
768 1117 808 1160 ex
829 1118 907 1160 aure
929 1095 1097 1178 Metellae,

290 1201 421 1268 Scilicet
442 1204 480 1264 ut
502 1199 606 1264 decies
623 1199 763 1264 solidum
788 1200 991 1282 exsorberet,
1014 1206 1104 1264 aceto

291 1290 399 1370 Diluit
421 1304 586 1388 insignem
610 1304 755 1368 baccam:
780 1305 837 1389 qul
860 1303 984 1385 sanior,
1008 1325 1045 1368 ao
1068 1304 1097 1368 si

290 1408 379 1472 Illud
401 1407 489 1471 idem
511 1406 547 1469 in
568 1406 719 1492 rapidum
742 1406 866 1471 flumen
888 1407 1046 1471 iaceretve
1068 1406 1230 1472 cloacam?

291 1510 406 1591 Quinti
429 1508 599 1595 progenies
622 1509 718 1592 Arri,
735 1529 794 1594 par
816 1510 925 1574 nobile
947 1509 1105 1593 fratrum,

290 1612 446 1698 Nequitia
468 1617 501 1677 et
525 1611 621 1696 nugis
644 1635 817 1697 pravorum
841 1618 874 1678 et
897 1635 1005 1677 amore
1027 1614 1222 1697 gemellum,

291 1715 461 1782 Luscinias
486 1715 575 1780 soliti
599 1715 747 1800 impenso
769 1717 927 1801 prandere
949 1721 1091 1782 coemtas
1103 1765 1112 1799 ,

292 1821 454 1902 Quorsum
478 1819 616 1884 abeant?
633 1820 705 1883 sani
727 1825 765 1885 ut
787 1826 893 1903 creta,
909 1842 952 1884 an
975 1820 1112 1885 carbone
1133 1824 1292 1887 notandi?

292 1925 473 1992 Aedificare
496 1925 604 2005 casas',
626 1923 779 2007 plostello
803 1924 979 2008 adiungere
1001 1947 1125 2008 mures,

295 2029 418 2095 Ludere
441 2049 499 2112 par
522 2027 646 2111 impar,
671 2027 815 2112 equitare
838 2027 873 2091 in
896 2028 1054 2093 arundine
1076 2029 1176 2114 longa

295 2134 330 2200 si
353 2154 449 2217 quem
473 2131 612 2195 delectet
634 2131 825 2213 barbatum,
850 2131 995 2195 amentia
1017 2138 1132 2196 verset

294 2237 329 2302 si
352 2234 507 2321 puerilius
530 2233 581 2298 his
605 2233 688 2298 ratio
712 2255 782 2298 esse
806 2234 936 2299 evincet
959 2256 1086 2319 amare,

293 2341 361 2405 Neo
384 2339 562 2426 quidquam
585 2337 728 2422 differre,
752 2343 906 2403 utrumne
928 2339 963 2402 in
985 2339 1137 2424 pulvere,
1161 2340 1278 2405 trimus

294 2444 397 2525 Quale
411 2443 520 2528 prius,
545 2442 639 2507 ludas
663 2464 760 2527 opus,
785 2465 827 2506 an
850 2442 1028 2507 meretricis
1052 2464 1160 2508 amora

296 2547 463 2614 Sollicitus
487 2547 610 2632 plcreS,
635 2569 773 2633 quaere,
798 2547 942 2612 faciasne
965 2548 1052 2632 quod
1074 2548 1154 2612 olim

295 2653 443 2717 Mutatus
468 2651 621 2716 Polemo?
643 2673 745 2737 ponas
769 2651 915 2737 insignia
937 2635 1059 2733 morbi,

295 2755 478 2840 Fasciolas,
504 2757 649 2839 cubital,
673 2756 801 2840 focalia,
825 2763 924 2842 potus
946 2762 986 2821 ut
1007 2757 1064 2822 ille

295 2859 424 2925 Dicitur
447 2883 487 2925 ex
511 2861 594 2926 collo
618 2860 734 2924 furtim
757 2860 917 2945 carpsisse
940 2882 1091 2944 coronas,

296 2963 475 3047 Postquam
499 2969 549 3028 est
571 2963 731 3047 impransi
760 2969 926 3048 correptus
950 2987 1027 3030 voce
1050 2965 1222 3049 magistri?

296 3065 440 3150 Porrigis
465 3067 547 3130 irato
570 3087 669 3150 puero
694 3087 793 3150 quum
816 3088 930 3150 poma,
953 3072 1101 3144 recusat3

298 3167 438 3251 „Sume,
465 3169 634 3234 Catellei“
661 3177 773 3254 negat:
799 3170 827 3234 si
850 3191 917 3257 non
941 3169 1016 3252 des,
1040 3175 1141 3254 optat.
1189 3171 1326 3236 Amator

299 3271 464 3337 Exclusus
489 3275 545 3358 qui
570 3273 690 3356 distat,
715 3273 786 3358 agit
808 3273 865 3338 ubi
888 3282 1013 3356 secum',
1041 3280 1094 3338 eat
1117 3296 1159 3338 an
1181 3297 1265 3356 nou,

297 3375 368 3456 Quo
391 3377 553 3442 rediturus
577 3384 646 3442 erat
668 3399 734 3441 non
757 3377 951 3459 arcessitus,
975 3384 1009 3442 et
1042 3378 1153 3443 haeret

296 3481 417 3546 invisis
441 3479 591 3546 foribus?
637 3481 709 3563 „Ne
735 3503 844 3564 nunc,
869 3502 971 3565 quum
993 3502 1046 3544 me
1078 3485 1173 3545 vocat
1203 3481 1310 3565 ultro,

252 3635 315 3686 quae
336 3629 485 3685 sequuntur,
503 3628 532 3670 tu
548 3624 628 3684 pisces
642 3647 673 3658 -
691 3623 737 3670 tibi
754 3623 793 3670 dc·
835 3637 927 3683 aequor
943 3635 1040 3685 quoque
1057 3623 1188 3670 hiemum
1204 3622 1378 3685 appellatum

251 3704 300 3750 cies
325 3729 357 3736 -
379 3703 426 3748 tior
451 3704 601 3750 tantundem
624 3728 656 3736 —
682 3702 728 3750 ttci
747 3702 793 3748 tri·
835 3701 944 3763 epitheto
968 3701 1062 3764 proprii
1083 3701 1190 3749 nominis
1206 3702 1317 3764 insignit.
1345 3702 1379 3750 Et

251 3783 319 3842 plea‚
327 3780 385 3827 satis
402 3781 529 3828 ostendere
540 3781 656 3828 videntur
665 3780 794 3828 necessita·
836 3786 865 3828 tu
882 3780 982 3828 omnino
1004 3781 1158 3843 postulatur,
1184 3782 1258 3830 etiam
1279 3789 1378 3845 propter

251 3867 302 3907 tem
330 3861 479 3921 pronominis
510 3860 635 3908 inferendi.
668 3859 794 3908 Bentleius
835 3873 931 3908 eocrrcm
947 3875 996 3923 epo.
1013 3861 1101 3908 Horat.
1118 3859 1198 3922 Epist.
1211 3860 1233 3908 Ι.
1250 3875 1277 3908 x.
1294 3861 1318 3909 6.
1340 3863 1379 3908 Tu

252 3938 325 4000 legit:
347 3937 386 3986 Tu
402 3941 458 3988 nive
474 3941 580 3987 Lucana
597 3937 638 3986 vel
653 3940 693 3985 Tu
704 3940 796 3987 tunice
835 3938 922 3985 aidum
939 3953 1033 3986 servus.
1051 3940 1107 4001 Epo
1124 3939 1200 3987 laudo
1214 3941 1287 3987 ruric
1302 3955 1381 3988 amoe-

253 4019 368 4066 Lucauu.
396 4016 516 4066 Coniicio:
543 4020 579 4065 Ia
603 4019 659 4066 utve
677 4024 705 4064 tu
730 4033 796 4066 canc
835 4019 864 4064 nt
882 4018 969 4065 Rivoa.
992 4018 1076 4065 Plaut.
1108 4016 1192 4066 Oasin.
1216 4017 1267 4067 ΙΙΙ.
1292 4033 1331 4067 vr.
1354 4019 1378 4068 a.

253 4099 347 4145 dormis
372 4104 493 4146 ocreatus.
528 4096 570 4146 Sic
590 4097 616 4144 in
632 4102 691 4144 noto
707 4110 795 4145 versu:
839 4095 879 4142 Tu
896 4109 975 4144 arrius.
992 4099 1049 4158 Epo
1065 4097 1154 4144 murto.
1176 4096 1227 4157 Qui
1243 4097 1312 4145 locus
1325 4111 1378 4160 per-

254 4178 350 4224 Furiua
375 4178 489 4224 bibamus
515 4192 579 4225 caua
600 4178 657 4224 nice
681 4179 796 4238 conspuit
836 4173 900 4220 tinet
923 4175 955 4220 ad
974 4176 1148 4236 corrigendum
1168 4175 1273 4224 alterum
1292 4178 1318 4224 in
1338 4191 1379 4224 aa·

254 4258 341 4318 Alpes.
374 4255 497 4318 Virgilius
514 4256 535 4304 Ι.
553 4255 643 4317 Georg.
661 4256 700 4303 43.
725 4257 796 4304 cuuis
837 4251 894 4300 dem
910 4253 993 4300 fabula
1010 4253 1057 4302 IV.
1075 4268 1116 4301 111.
1132 4255 1156 4301 4.
1175 4254 1211 4303 St
1228 4257 1291 4316 qaid
1311 4258 1380 4318 apia,

253 4338 392 4383 montibus:
414 4334 458 4382 ubi
475 4335 546 4384 Serv.
568 4333 644 4393 ,albis
666 4349 698 4382 ex
714 4335 795 4382 nive.“
837 4347 892 4380 mea
905 4333 1003 4380 Saltu?
1022 4333 1061 4383 Ol.
1080 4335 1177 4383 Esurio
1193 4336 1284 4391 hercle,
1304 4342 1380 4399 atque

254 4413 390 4477 Eleganter
406 4415 506 4478 quidem
531 4414 652 4462 diceretur
672 4415 728 4462 niue
745 4415 795 4460 Lu·
837 4413 1065 4463 adclamatio.
1099 4415 1161 4477 Lag.
1179 4431 1255 4477 ooqrcc
1271 4417 1332 4464 adeo
1347 4430 1378 4464 ac

254 4511 330 4552 canc,
354 4501 453 4558 propter
469 4510 561 4556 aprum
587 4495 729 4542 Lucanum:
752 4493 794 4541 sed
838 4493 905 4541 sitio.
