3542 5634
673 515 855 580 LIBER
899 516 942 578 ΙΙ.
1332 518 1372 579 sl

287 706 396 785 Quum
412 703 476 768 sibi
493 701 630 787 quisque
644 700 751 782 timet,
769 722 968 786 quamquam
984 707 1035 766 est
1049 702 1205 786 intactus,
1222 709 1256 768 et
1271 702 1350 768 odit

286 806 397 891 „Quid
419 805 559 871 faciam?
606 804 713 870 Saltat
737 803 911 885 Milonius,
936 808 974 868 ut
997 805 1098 870 semel
1121 806 1187 870 icto

284 909 433 977 Accessit
455 908 561 972 fervor
584 905 684 992 capiti
709 927 929 991 numerusque
951 907 1110 985 lucernis;

285 1013 402 1078 Castor
423 1011 546 1097 gaudet
569 1010 677 1096 equis,
702 1031 762 1074 ovo
785 1014 966 1094 prognatus
989 1010 1103 1076 eodem

285 1115 430 1200 Pugnis:
456 1118 536 1200 quot
559 1113 703 1198 capitum
726 1111 859 1195 vivunt,
884 1113 1022 1178 totidem
1047 1114 1229 1180 studiorum

287 1217 381 1282 Milia
388 1244 396 1295 ;
420 1239 474 1282 me
494 1215 632 1302 pedibus
657 1215 798 1280 delectat
820 1214 969 1280 claudere
991 1217 1090 1281 verba

239 1361 340 1396 versum
351 1343 458 1407 exempli
469 1357 555 1392 caussa
566 1357 598 1392 ex
611 1343 686 1393 Satir.
697 1343 718 1392 1.
728 1357 787 1391 vm.
827 1355 875 1393 aar.
886 1343 926 1391 86.
938 1343 1039 1406 corrigit
1051 1345 1149 1401 timere,
1160 1345 1278 1394 laudante
1288 1347 1375 1396 Ruhn-

239 1439 269 1473 11.
286 1425 387 1473 mutatis
404 1424 528 1472 mutandis
545 1423 633 1471 citasse
649 1423 754 1471 videtur.
828 1421 909 1470 keuio.
948 1423 1004 1486 Ego
1031 1438 1082 1472 non
1110 1423 1216 1474 laudem.
1251 1426 1376 1476 Sententia
1426 1430 1435 1442 '

276 1504 341 1552 Cam
357 1506 406 1552 sibi
422 1505 524 1565 quisque
542 1504 788 1565 timet,quamqaam
828 1502 1037 1566 enimrepugnat.
1063 1504 1114 1566 Qui
1124 1505 1290 1568 principatum
1300 1507 1376 1554 armis

239 1589 278 1631 est
303 1586 429 1639 intactus,
457 1589 481 1630 11
508 1583 568 1628 odit.
608 1579 687 1639 Quid,
715 1595 788 1644 quem
827 1587 902 1639 tenet,
913 1581 955 1630 ille
963 1582 1018 1630 vult
1027 1585 1119 1641 1111111,
1130 1590 1154 1632 et
1163 1586 1275 1633 11111111.
1292 1585 1378 1634 Verba

240 1661 307 1709 odit?
339 1661 434 1709 Dicunt
450 1673 535 1708 versus
552 1659 645 1716 tristes,
670 1660 787 1708 tristium-
829 1660 941 1710 Suetonii
957 1669 982 1710 et
993 1662 1123 1710 Plutarchi
1133 1663 1209 1711 sliam
1220 1663 1312 1712 habent
1323 1679 1376 1713 sen·

240 1753 289 1802 que
305 1753 423 1786 versuum
439 1744 558 1786 auctores.
592 1737 786 1787 Rarovidiora-
828 1741 937 1788 tentiam.
967 1740 1111 1790 Suetonius:
1128 1743 1376 1807 Atiiediaersoopi-

241 1820 333 1867 tionem
355 1818 391 1866 sic
412 1824 563 1873 contortam,
585 1822 609 1864 et
632 1816 729 1879 ellipsin
746 1819 788 1865 du·
828 1827 931 1876 natum,
955 1821 1063 1868 insidias
1087 1823 1197 1883 undiqsse
1220 1825 1378 1872 imminentes

240 1900 336 1947 ricrem.
369 1898 515 1960 Legendum
526 1903 597 1959 puto:
616 1899 787 1944 Pantolabum
827 1901 902 1947 sensel
922 1898 1007 1945 subire
1026 1899 1110 1946 satias
1129 1913 1180 1947 esse
1200 1915 1276 1962 quam
1292 1916 1379 1950 ecam

240 1993 356 2026 scurram
392 1978 626 2038 Nomentanumque
657 1977 787 2037 nepotem?
828 1991 931 2038 semper.
953 1975 1113 2024 Plutarchus:
1131 1975 1212 2025 εἰπὼν
1228 1978 1263 2035 ὡς
1273 1978 1378 2038 βέλτιόν

245 2057 325 2114 Quem
340 2059 389 2104 sibi
405 2058 509 2118 quisque
530 2056 615 2110 timet,
636 2069 787 2116 quarrrqaam
828 2053 899 2102 ἐστιν
919 2054 993 2107 ἅπαξ
1014 2052 1159 2102 ἀποθανεῖν
1179 2055 1196 2113 ἢ
1213 2056 1252 2103 bet
1270 2056 1376 2120 προσδο-

240 2141 278 2184 est
300 2136 425 2191 intactus,
451 2139 475 2181 et
496 2135 556 2183 odit.
591 2131 721 2180 Trebatius
747 2132 787 2178 ad-
828 2133 886 2196 κᾷν.
921 2132 999 2195 Apud
1020 2131 1144 2181 Velleium
1165 2133 1296 2195 respondet
1316 2133 1377 2184 an-

240 2215 400 2262 moniticnem
420 2213 450 2260 de
466 2226 515 2260 non
536 2211 669 2260 scribendis
701 2211 788 2260 Satiris
828 2225 869 2258 sar
884 2211 968 2261 Hirtio
984 2218 1009 2260 et
1025 2212 1136 2268 Pansae,
1157 2214 1265 2262 seualle
1280 2216 1376 2274 tinus-i,

240 2293 363 2341 sententis
378 2291 508 2340 concludit.
541 2290 661 2339 Homines
678 2304 709 2338 ne
719 2289 788 2337 laede
829 2299 856 2339 ut
872 2292 977 2351 viverem
995 2292 1060 2354 apud
1077 2291 1225 2341 Suetonium
1241 2299 1267 2340 et
1277 2292 1376 2342 Plutar-

240 2372 305 2419 tristi
321 2385 405 2428 versu,
427 2378 455 2418 ut
475 2369 567 2418 laesisti
588 2383 698 2418 scurram
714 2371 787 2416 istum
828 2372 902 2419 chum
919 2371 987 2427 dicit,
1004 2386 1029 2418 se
1045 2371 1110 2418 nolle
1126 2372 1218 2428 rivere,
1236 2376 1264 2416 ut
1279 2385 1377 2434 semper

242 2459 267 2498 et
287 2457 408 2514 nepotem.
443 2449 564 2500 Omnibus
586 2449 654 2507 aliis,
681 2463 788 2513 quocun·
828 2450 932 2499 timeret.

241 2545 289 2593 que
306 2531 367 2578 vitio
383 2529 563 2589 laborantibus,
582 2536 676 2576 metum
688 2527 788 2575 iniieies.
861 2529 1012 2578 Doderlinus
1028 2529 1168 2577 annotavit:
1186 2527 1376 2587 „Coniecturam

242 2608 304 2671 Qui,
321 2610 432 2673 quamvis
444 2610 702 2668 intacti,temetuent,
713 2608 788 2656 iidem
829 2622 910 2656 meam
931 2625 1004 2670 quem
1024 2623 1070 2671 pro
1091 2623 1167 2670 qaum
1183 2609 1210 2656 in
1226 2615 1321 2658 textum
1339 2626 1376 2660 re·

241 2696 265 2738 te
287 2690 343 2738 odio
363 2697 547 2752 persequentur.
585 2688 665 2748 Quem
686 2689 789 2752 quisque
828 2689 887 2750 cepi.
924 2690 975 2737 obt
998 2688 1043 2736 vix
1067 2687 1120 2736 sine
1144 2687 1238 2737 obiecto
1253 2694 1319 2737 stare
1334 2705 1377 2753 po-

241 2767 323 2826 timet,
340 2782 398 2816 eum
414 2775 439 2816 et
454 2769 514 2816 odit.
547 2767 640 2829 Quales
656 2767 789 2815 sententias
828 2772 883 2814 test.
918 2765 998 2828 Quem
1019 2767 1122 2829 quisque
1141 2766 1188 2814 sibi
1209 2767 1291 2826 timet,
1312 2768 1378 2817 hunc

242 2860 257 2892 a
279 2846 309 2895 P.
332 2846 397 2910 Syro
418 2854 442 2895 et
464 2846 518 2894 aliis
539 2846 737 2908 proferebantur,
761 2852 790 2892 ut
829 2845 932 2908 quisque
947 2846 1012 2904 odit,
1033 2846 1108 2894 etism
1123 2860 1173 2893 non
1190 2846 1284 2896 laesus:
1301 2849 1377 2911 respi-

242 2939 266 2972 r.
284 2939 304 2973 c.
325 2927 427 2975 Necesse
443 2931 481 2974 est
498 2929 589 2972 multos
601 2927 702 2984 timeat,
720 2938 790 2984 quem
830 2925 893 2972 citur
909 2932 996 2973 notmn
1007 2925 1068 2973 illud
1077 2928 1175 2974 oderint
1184 2928 1244 2974 dum
1255 2933 1378 2975 metuant.

241 3005 317 3056 multi
333 3005 430 3052 timem.
463 3004 499 3051 Et
515 3001 639 3064 Caligula,
655 3007 717 3049 teste
729 3001 790 3050 Sue·
831 3001 988 3051 constructio
1004 3003 1092 3050 similis
1109 3004 1136 3050 in
1152 3003 1326 3053 Iuvenal.VI.
1340 3006 1377 3056 17.

241 3082 328 3138 tenio,
361 3095 481 3144 usurpare
508 3080 600 3128 solebat
626 3079 689 3128 illud
716 3080 790 3141 tragi-
835 3084 920 3141 Quam
928 3083 1019 3144 fierem
1035 3097 1105 3131 nense
1122 3085 1222 3132 tinreret
1256 3085 1379 3132 Cautibus

241 3175 312 3208 cum:
333 3161 441 3208 Oderint
457 3162 517 3208 dum
539 3164 660 3208 metuant.
693 3157 792 3206 Ennius
832 3160 1055 3222 aatpomis.Liv.
1073 3160 1135 3210 1.s.
1171 3163 1281 3210 tantam
1292 3164 1379 3210 molem

242 3239 309 3301 apud
327 3237 438 3288 ciceron.
457 3237 529 3289 offis.
546 3237 583 3286 Π.
598 3238 621 3289 7.
654 3239 732 3295 Quem
744 3253 791 3285 me·
831 3237 880 3285 sibi
896 3253 927 3286 11
941 3241 1049 3300 posteris
1066 3241 1230 3288 metuebant.“
1305 3236 1310 3244 ’

243 3324 319 3366 taant
335 3320 455 3366 oderunt:
472 3333 544 3380 quem
560 3318 664 3379 quisque
674 3318 742 3374 odit,
750 3331 791 3378 pe·
871 3318 908 3365 Ut
929 3320 1003 3366 semel
1023 3319 1074 3367 icto
1104 3320 1215 3367 Accessit
1229 3319 1319 3380 servor
1335 3335 1377 3368 ea·

242 3397 316 3445 riisse
332 3400 434 3459 appetit.
468 3396 541 3445 Unde
558 3394 632 3445 Ovid.
649 3394 737 3444 Amor.
754 3396 790 3444 II.
831 3395 883 3456 piti
912 3408 1078 3456 numerusque
1106 3397 1224 3444 insanis.
1265 3395 1379 3458 Apparet

242 3489 271 3523 11.
291 3477 327 3525 10.
364 3478 444 3534 Quem
461 3476 551 3524 metuit
567 3477 683 3536 quisque,
697 3477 793 3536 perisse
833 3472 874 3534 agi
888 3473 928 3520 .de
948 3472 1065 3522 ebrietate
1081 3474 1108 3522 in
1124 3474 1246 3523 convivio.
1280 3474 1334 3522 Iam
1352 3475 1378 3522 in

242 3556 320 3616 cupit.
354 3554 445 3603 Minut.
469 3551 542 3602 Felix
576 3552 663 3603 Octau
688 3569 712 3616 p.
733 3553 791 3602 255.
831 3551 898 3600 ictus
914 3559 952 3600 est
966 3553 1075 3601 subitum
1087 3553 1196 3618 aliquid,
1212 3560 1241 3602 ut
1252 3556 1319 3602 ictas
1323 3557 1378 3616 sat·

246 3635 339 3682 Odium
355 3635 437 3682 nostri
446 3630 540 3694 ferunt
557 3635 651 3682 occulte
663 3647 709 3694 per
721 3633 792 3680 timo·
832 3632 910 3688 asine,
924 3632 1029 3693 farore,
1052 3639 1119 3682 meta
1138 3633 1193 3680 sim.
1214 3634 1280 3696 quod
1297 3633 1378 3682 minus

244 3729 304 3760 rem.
339 3713 468 3760 Naturale
496 3716 534 3759 est
559 3711 624 3758 enim
649 3716 676 3768 et
700 3713 791 3766 adase,
831 3714 889 3770 apte
905 3710 937 3756 ad
952 3725 1077 3759 summurn
1094 3711 1165 3760 illum
1178 3710 1311 3760 hilaritatis
1323 3728 1378 3775 gra·

243 3807 314 3852 quern
338 3793 440 3846 tianeus,
462 3795 487 3837 et
509 3804 581 3851 quem
602 3791 732 3846 mutueris,
753 3791 791 3836 in·
831 3788 892 3835 dum
908 3790 1021 3840 refertur.
1055 3791 1187 3848 bfilonius,
1203 3792 1264 3839 dum
1280 3807 1378 3841 nonsa-

236 3869 350 3931 sestare‚
367 3871 390 3917 si
404 3869 493 3930 possis.
520 3866 586 3915 Vell.
597 3868 692 3916 Patere.
704 3867 739 3915 ΙΙ.
751 3867 791 3918 57.
832 3867 900 3915 brius
917 3869 1004 3928 saltat,
1026 3869 1118 3918 lentius
1132 3877 1218 3932 eaptus
1235 3876 1285 3929 est,
1302 3886 1378 3934 quam

244 3948 415 3996 Laudandum
435 3947 591 4009 experientia
608 3947 738 3996 amcitiam
755 3952 792 3994 est
832 3955 861 3994 ut
887 3947 970 3996 fervor
994 3953 1045 3998 icto
1068 3950 1142 4012 capiti
1167 3949 1302 3998 accesserit.
1345 3951 1380 3997 Et

244 4029 347 4075 Pansae
357 4032 432 4089 atque
443 4027 544 4083 Hirtii,
557 4027 602 4089 qui
613 4039 709 4088 semper
720 4040 792 4086 prae·
832 4027 899 4074 ictus
920 4027 971 4074 iarn
994 4028 1117 4090 significat
1138 4043 1189 4076 non
1208 4028 1332 4087 sobrium,
1350 4035 1381 4076 ut

243 4106 363 4152 dixeram
382 4105 500 4163 Caesari,
518 4111 548 4153 ut
563 4106 739 4166 principatum
751 4119 792 4152 ar·
832 4117 883 4150 non
900 4117 962 4165 opus
979 4105 1012 4152 sit
1027 4104 1141 4154 accedere
1152 4104 1282 4153 fervorem.
1302 4105 1379 4154 Recte

244 4185 292 4231 mis
317 4184 473 4244 quaesitum,
500 4184 580 4230 armis
607 4187 708 4230 teneret.
743 4185 794 4232 Ille
833 4197 856 4230 v.
879 4196 900 4229 c.
923 4184 988 4244 apud
1010 4183 1095 4231 Plaut.
1117 4182 1203 4232 Oasin.
1223 4182 1274 4232 111.
1294 4198 1321 4232 v.
1342 4185 1378 4233 15.

243 4263 367 4310 dictitans
387 4263 450 4310 niori
471 4277 497 4310 se
512 4277 587 4324 quam
605 4263 690 4309 timeri
706 4264 793 4320 malle,
834 4262 893 4309 baec
904 4262 1011 4308 mancio
1028 4261 1062 4308 Se
1072 4263 1170 4321 uspiam
1181 4261 1380 4322 perarassitflore

244 4343 305 4388 duni
322 4343 492 4399 clementiam,
515 4355 590 4402 quam
614 4343 793 4402 praestiterat,
834 4341 936 4402 Libyco.
971 4340 1085 4387 Fortasse
1107 4339 1254 4400 legendum:
1285 4343 1322 4389 Ut
1343 4357 1378 4390 se·

244 4427 385 4484 exspectat,
408 4423 527 4469 incantas
549 4422 580 4467 ab
602 4421 709 4482 inpratis
725 4433 794 4468 occu·
834 4419 882 4464 mel
899 4423 974 4466 uncto
999 4418 1112 4467 Accessit
1122 4421 1212 4480 ferror
1225 4423 1313 4480 capiti.
1331 4421 1378 4470 Ca-

245 4506 320 4561 11111
341 4507 385 4549 est.
421 4499 534 4549 Oudend.
557 4499 588 4546 ad
610 4497 709 4547 Sueten.
733 4495 794 4545 Cae·
835 4503 879 4558 put
896 4503 1013 4554 ranetam,
1031 4504 1058 4544 ut
1069 4497 1094 4544 in
1106 4497 1181 4546 hilari
1192 4513 1274 4547 coena.
1291 4499 1378 4549 Horat.
