3542 5634
656 517 837 582 LIBER
882 518 925 582 ΙΙ.

265 702 406 785 „Nullos
430 701 482 766 his
506 701 639 766 mallem
663 702 757 767 ludos
782 708 964 787 spectasse:
989 704 1047 769 sed
1070 704 1128 768 illa

213 893 217 900 .
262 805 389 888 Redde,
413 827 488 890 age,
513 827 595 890 quac
618 806 770 892 deinceps
793 806 933 874 risisti“
980 807 1157 890 „Vibidius
1182 809 1261 871 dum

262 908 397 988 Quaerit
420 909 460 973 de
482 909 613 993 pueris,
638 931 718 973 num
742 909 787 974 sit
810 932 938 996 quoque
959 909 1064 975 fracta
1086 911 1220 995 lagena,

259 1011 355 1091 Quod
377 1011 442 1077 sibi
464 1012 611 1097 poscenti
634 1034 700 1077 non
724 1012 842 1077 dentur
863 1013 998 1098 pocula,
1022 1013 1166 1098 dumque

260 1115 398 1180 Ridetur
420 1115 506 1181 fictis
530 1138 655 1195 rerum,
681 1115 857 1182 Balatrone
879 1117 1039 1182 seeundo:

259 1218 454 1301 Nasidicne,
478 1218 583 1302 redis,
607 1224 755 1284 mutatae
777 1219 912 1304 frontis,
937 1226 975 1286 ut
998 1224 1067 1284 arte

258 1322 502 1389 Emendaturus
525 1321 706 1387 fortunam:
731 1322 847 1388 deinde
870 1324 1002 1409 sequuti

259 1427 454 1492 Maacnomo
476 1425 569 1511 pueri
591 1447 712 1512 magno
736 1424 899 1512 discerpta
920 1427 1060 1493 terentes

258 1529 406 1594 Membra
427 1528 537 1614 gruis,
562 1529 668 1615 sparsi
691 1523 763 1596 sale¹
781 1531 907 1613 multo,
931 1553 997 1596 non
1022 1530 1215 1610 sineterra,

258 1631 442 1717 Pinguibus
467 1636 500 1696 et
522 1630 593 1696 ficis
616 1637 750 1717 pastum
773 1633 860 1698 iecur
882 1633 1006 1699 anseris
1030 1633 1143 1715 albae,

257 1737 303 1801 Et
324 1736 473 1819 leporum
496 1734 644 1817 avulsos,
667 1739 706 1800 ut
728 1736 834 1801 multo
857 1737 990 1802 suavius
1002 1785 1011 1819 ,
1036 1757 1159 1816 armos,

258 1838 365 1918 Quam
389 1837 418 1902 si
441 1858 516 1903 cum
538 1837 660 1902 lumbis
684 1838 757 1924 quis
782 1839 858 1904 edit.
906 1839 987 1903 Tum
1010 1846 1139 1924 pectore
1162 1836 1279 1900 adusto

257 1941 411 2006 Vidimus
435 1947 468 2006 et
490 1941 631 2006 merulas
655 1941 734 2027 poni
758 1947 791 2006 et
814 1941 885 2008 sine
908 1942 1004 2007 clune
1026 1940 1217 2026 palumbes,

259 2043 381 2110 Suaves
405 2064 471 2124 res,
496 2043 526 2109 si
548 2064 612 2108 non
639 2065 753 2109 causas
777 2049 922 2110 narraret
944 2065 1055 2110 earum
1079 2049 1111 2108 et

225 2177 230 2186 ·
258 2147 401 2212 Naturas
425 2146 598 2225 dominus3
623 2169 720 2233 quem
743 2169 803 2212 nos
828 2148 874 2213 sic
901 2147 1048 2232 fugimus
1072 2145 1157 2227 ulti,

260 2251 309 2317 Ut
331 2249 415 2316 nihil
438 2250 571 2314 omnino
593 2255 816 2336 gustaremus,
840 2251 932 2316 velut
955 2249 1023 2314 illis

259 2353 398 2420 Canidia
420 2352 562 2419 afflasset
584 2353 674 2440 peior
696 2353 911 2440 serpentibus
925 2353 1025 2419 Afris.

253 2531 325 2578 Vetat
348 2531 401 2580 iltis
427 2529 539 2579 Canidia
560 2530 676 2593 afflasset
691 2531 762 2594 peior
804 2531 1071 2596 aliquid‚quamqaod
1081 2529 1352 2593 Alriserpentcscmni

209 2609 368 2671 serpentibus
385 2608 468 2671 Afris.
502 2606 630 2658 Bentleius
653 2608 762 2672 legebat:
804 2611 840 2660 rei
857 2611 953 2661 vicinae
969 2611 1055 2660 afflare
1071 2609 1159 2660 solent.
1193 2608 1353 2658 constructio

210 2688 292 2735 aelati
311 2689 334 2735 si
357 2687 468 2737 Canidia
489 2689 603 2753 afflasset
621 2692 693 2752 peior
712 2704 763 2738 ser·
803 2691 915 2754 potitiae,
940 2690 1021 2757 qualis
1042 2690 1088 2739 illa
1107 2690 1144 2739 II.
1169 2687 1252 2738 Carm.
1276 2687 1352 2736 XIV.

209 2766 330 2826 pentibus
346 2769 420 2825 atris,
438 2767 503 2816 illud
510 2782 543 2816 cx
555 2768 704 2829 coniectura,
716 2769 763 2818 hoc
804 2788 870 2822 mera
878 2773 987 2834 Tinpuat
992 2772 1163 2834 pavimentum
1171 2770 1352 2831 superba‚Pan-

211 2842 321 2894 eMSS·
339 2845 404 2894 Mihi
415 2828 514 2910 ct'dsri
525 2853 651 2910 serpentes
661 2847 762 2910 elegan-
805 2852 904 2913 tifieurn
922 2851 1020 2912 potiare
1035 2851 1124 2899 nanis.
1158 2847 1233 2897 Satin,
1255 2847 1292 2896 11.
1314 2859 1351 2894 rv,

211 2921 263 2970 tius
288 2922 381 2971 dictum
406 2925 518 2983 ridetur,
547 2932 572 2973 et
595 2925 762 2973 Horatianum
807 2929 843 2978 15,
879 2928 961 2977 Canta
979 2931 1121 2977 suburbana
1142 2930 1186 2990 qai
1207 2929 1282 2976 siccis
1301 2941 1351 2975 cra·

212 3001 294 3063 magis
319 3001 465 3050 iudicarem:
493 3005 561 3051 velat
582 3004 635 3051 illis
653 3002 763 3051 Canidia
803 3008 841 3054 ait
858 3007 886 3054 in
904 3007 984 3054 bortis
995 3007 1224 3067 Dalatar,irripaa
1237 3007 1352 3054 nibitest

211 3081 328 3144 afflasset
340 3083 415 3141 petas
430 3081 587 3142 serpentibus
598 3080 677 3144 Afris.
701 3080 762 3129 Vel·
803 3083 898 3131 elatius
913 3085 993 3141 barto,
1009 3083 1052 3145 qni
1063 3083 1142 3130 caulis
1153 3082 1232 3130 crevit
1240 3081 1268 3128 in
1280 3081 1352 3130 horto

212 3163 243 3208 ut
264 3155 370 3208 Canidia
395 3156 469 3205 rebus
491 3155 540 3204 illis
566 3156 672 3207 afflasset
693 3160 762 3224 peius
782 3165 785 3222 t
803 3158 913 3222 irriguo,
930 3162 977 3210 isto
993 3162 1063 3212 caule
1079 3161 1142 3210 nihil
1159 3170 1196 3211 est
1211 3161 1310 3211 elutius.
