3542 5634
422 516 482 576 114
800 501 1153 570 SATIRARUM

463 701 552 764 Tune
577 697 711 761 insanus
734 693 816 775 eris,
840 693 868 757 si
892 691 1071 776 acceperis?
1093 712 1135 755 an
1158 690 1266 775 magis
1289 713 1419 769 excors,

464 802 596 866 Reieota
617 798 753 884 praeda,
778 817 876 882 quam
899 815 1051 880 praesens
1075 793 1254 860 Mercurius
1277 794 1362 859 fert?

465 905 573 972 Scribe
596 903 706 968 decem
729 923 749 966 a
771 899 889 982 Neri0,
913 920 979 962 non
1003 903 1054 962 est
1076 897 1175 980 satis,
1200 897 1283 963 adde
1305 898 1440 964 Cicutae
1537 919 1543 933 ·

463 1007 587 1073 Nodosi
610 1005 738 1071 tabulas
761 1007 909 1084 centum,
934 1001 1027 1066 mille
1049 1001 1132 1066 adde
1154 1008 1301 1066 catenas:

463 1111 610 1196 Effugiet
632 1115 742 1174 tamen
764 1107 843 1172 haec
867 1106 1041 1171 sceleratus
1063 1104 1196 1170 vincula
1219 1105 1364 1171 Proteus.

465 1216 574 1296 Quum
596 1213 700 1298 rapies
724 1211 759 1274 in
783 1210 833 1274 ius
857 1208 955 1274 malis
978 1208 1139 1273 ridentem
1162 1208 1297 1291 alienis,

464 1319 539 1384 Fiet
553 1339 640 1402 aper,
654 1313 844 1395 modoavis,
859 1312 957 1377 modo
975 1333 1102 1394 saxum,
1125 1318 1168 1394 et,
1193 1333 1295 1396 quum
1319 1313 1418 1394 volet,
1441 1313 1545 1377 arbor.

465 1423 500 1489 Si
521 1421 608 1485 male
629 1441 699 1484 rem
721 1438 830 1502 gerere
853 1415 961 1480 insani
984 1420 1051 1497 est,
1071 1421 1188 1481 contra
1210 1416 1310 1497 bene,
1335 1417 1422 1494 sani3
1493 1400 1498 1408 ’

465 1523 617 1591 Putidius
641 1521 747 1587 multo
770 1520 936 1585 cerebrum
959 1524 1025 1601 est,
1048 1518 1261 1602 mihicrede,
1286 1519 1401 1584 Perilli

464 1625 646 1707 Dictantis,
671 1624 758 1711 quod
781 1629 819 1688 tu
842 1644 1010 1707 nunquam
1032 1621 1206 1686 rescribere
1228 1622 1344 1706 possis.

464 1731 587 1796 Audire
610 1733 707 1813 atque
731 1733 842 1813 togam
865 1727 961 1791 iubeo
983 1747 1189 1810 componere,
1214 1725 1361 1810 quisquis

463 1832 653 1899 Ambitione
676 1831 763 1896 mala
786 1835 843 1896 aut
866 1829 992 1915 argenti
1015 1829 1119 1914 pallet
1142 1851 1267 1911 amore,

464 1937 618 2024 Quisquis
642 1937 772 2002 luxuria
795 1934 923 2001 tristive
947 1934 1178 2020 superstitione

463 2043 534 2106 Aut
556 2040 621 2106 alio
644 2040 764 2106 mentis
789 2039 902 2104 morbo
925 2038 1017 2104 calet.
1066 2038 1141 2102 Huc
1164 2037 1296 2123 propius
1320 2059 1388 2121 me,

463 2146 553 2210 Dum
577 2145 674 2210 doceo
698 2143 841 2209 insanire
863 2165 993 2225 omnes,
1016 2164 1074 2207 vos
1099 2141 1211 2206 ordine
1235 2141 1331 2207 adite.

457 2250 581 2314 Danda
604 2255 655 2314 est
676 2247 833 2314 hellebori
855 2247 962 2312 multo
984 2268 1060 2332 pars
1083 2245 1228 2310 maxima
1251 2245 1375 2322 avaris3

463 2353 579 2417 Nescio
605 2374 647 2415 an
669 2351 862 2434 Anticyram
885 2349 969 2414 ratio
992 2349 1059 2414 iilis
1082 2349 1224 2414 destinet
1248 2370 1387 2414 omnem.

452 2527 517 2577 Cam
542 2531 626 2590 rapies
650 2531 677 2576 in
694 2530 734 2577 im
746 2530 820 2578 mulis
836 2530 959 2578 ridentem
999 2536 1041 2576 tur
1058 2527 1127 2589 genis
1144 2526 1207 2588 apri,
1231 2527 1296 2583 avis,
1318 2526 1373 2575 saxi
1395 2534 1419 2574 et
1441 2527 1548 2577 arboris.

417 2610 513 2658 alienis.
538 2607 642 2656 Homeri
662 2614 710 2664 est,
732 2608 797 2671 quod
813 2622 899 2656 omnes
915 2622 958 2655 no·
999 2608 1090 2656 Fertur
1106 2613 1131 2655 et
1148 2606 1287 2653 coniectura
1301 2605 1414 2654 Tumebi
1428 2621 1486 2656 cum
1501 2623 1546 2656 ra·

417 2693 491 2734 runt:
509 2687 646 2751 γναθμοῖσι
667 2686 769 2750 γελώων
794 2685 958 2749 ἀλλοτρίοισι.
997 2688 1251 2748 pieaine'ura,mulia
1260 2687 1382 2734 ridentem
1390 2688 1547 2746 alienir‚hoc

417 2765 463 2813 hoe
479 2772 517 2813 est
532 2768 605 2813 vultu
621 2766 712 2823 invite,
730 2771 758 2812 ut
774 2764 809 2812 ait
825 2771 908 2812 noster
928 2766 958 2813 de
999 2772 1048 2824 est,
1060 2768 1158 2815 damno.
1176 2766 1336 2828 Tumffluto,
1347 2765 1467 2814 Latinum
1482 2776 1547 2827 erat,

417 2843 513 2892 Ixione.
524 2843 636 2892 Verbum
645 2843 744 2892 Horatii
755 2843 865 2892 imitatur
873 2843 958 2892 Valet.
999 2846 1077 2901 malo,
1094 2850 1122 2891 ut
1133 2846 1199 2893 malo
1205 2850 1255 2904 tuo,
1265 2846 1330 2893 malo
1342 2860 1407 2901 meo,
1418 2847 1472 2893 doio
1483 2863 1546 2896 meo.

417 2921 499 2971 Flauo.
515 2923 613 2985 Argon.
630 2923 708 2972 VIII.
732 2925 786 2972 164.
820 2925 958 2972 Errantes·
999 2922 1122 2984 Equidem
1138 2923 1219 2971 locum
1234 2937 1285 2970 uon
1300 2921 1420 2986 intelligo,
1435 2923 1545 2974 nisicre·

417 3017 464 3066 que
481 3017 564 3064 penae,
581 3008 657 3065 atque
679 3004 759 3051 alieno
775 3004 870 3065 pendia
885 3004 959 3050 vultu
999 3004 1067 3051 ditor
1078 3001 1147 3064 genis
1157 3001 1244 3049 alienis
1255 3003 1340 3050 rideat.
1365 3002 1472 3051 Proteus
1487 3004 1547 3063 ista,

419 3081 522 3144 Smper
529 3088 610 3131 erant.
628 3081 679 3132 Ubi
688 3098 763 3145 penae
772 3087 885 3131 errantes
893 3087 960 3140 sunt,
998 3082 1033 3129 ait
1049 3070 1182 3140 Horatius,
1199 3095 1284 3128 omnes
1300 3081 1408 3137 tabulas,
1427 3091 1542 3142 eatenaa,

417 3175 523 3224 quarum
540 3164 605 3211 color
628 3176 678 3210 non
703 3167 769 3210 certa
784 3162 841 3209 sede
858 3168 959 3221 manet,
999 3161 1082 3208 omnia
1098 3161 1199 3208 vincula
1215 3159 1333 3222 effugiet:
1353 3161 1418 3211 Cum
1433 3166 1545 3225 rapiam

418 3249 447 3289 ut
466 3241 554 3289 Horat.
578 3241 661 3291 carm.
690 3242 710 3290 I.
728 3255 787 3289 xm.
813 3247 838 3288 et
864 3240 958 3290 Seneca
998 3241 1056 3299 iae,
1082 3246 1106 3288 te
1135 3241 1207 3288 malis
1232 3241 1330 3288 ridente
1357 3242 1455 3302 attam,
1481 3244 1546 3293 Fiet

418 3320 507 3368 Medea
523 3319 580 3370 858.
607 3323 732 3384 Fiaprarrt
747 3323 957 3384 praeeramus,
998 3333 1069 3380 uper,
1093 3321 1162 3367 modo
1187 3321 1249 3374 aute,
1274 3321 1344 3367 modo
1367 3335 1474 3379 mcum,
1500 3329 1544 3384 et,

418 3401 512 3448 Pallor
530 3401 611 3464 supet
626 3403 753 3459 ruborem,
780 3401 888 3448 Nullum
915 3415 957 3448 va·
998 3413 1054 3446 cum
1074 3400 1153 3455 colet,
1176 3400 1258 3447 arbor.
1294 3396 1407 3459 Effugia
1428 3405 1465 3457 te,
1480 3400 1544 3448 dnm

417 3485 491 3539 ponte
512 3479 602 3541 forma
641 3481 731 3529 Servat
763 3481 809 3528 diu
844 3481 957 3528 colorem.
997 3476 1091 3524 interea
1099 3475 1147 3524 doli
1157 3475 1222 3525 illius
1231 3477 1275 3525 tibi
1283 3477 1543 3540 quamvisindignanti

417 3557 515 3607 Deinde
531 3558 664 3621 legendum
679 3566 748 3621 puto:
774 3561 858 3621 Atque
881 3561 959 3607 aliem
998 3555 1076 3604 risum
1088 3557 1233 3619 expriment.
1260 3557 1369 3614 Ridebis,
1381 3558 1445 3618 quod
1462 3565 1500 3605 eat
1516 3560 1544 3606 in

417 3640 511 3697 pradia
527 3641 613 3686 uultur
631 3640 733 3698 Semper
746 3644 827 3687 erant.
862 3638 960 3687 Gaudia
999 3645 1082 3684 nostro
1097 3636 1241 3698 proverbio,
1256 3643 1284 3683 nt
1300 3637 1339 3683 cui
1355 3636 1440 3684 dentes
1449 3637 1543 3686 dolent.

419 3728 514 3778 semper
526 3715 706 3777 erant‚qualia
725 3722 783 3763 sunt
803 3715 887 3763 vultus
903 3703 959 3764 alie?
1031 3716 1182 3765 Doderliuus
1207 3716 1273 3764 dictu
1295 3731 1345 3763 non
1366 3715 1435 3764 facile
1451 3726 1543 3775 censet,

418 3793 457 3851 ni,
490 3794 570 3851 illius,
595 3808 658 3857 quae
684 3794 755 3842 vultu
784 3794 863 3843 alieno
887 3796 958 3845 ridet.
999 3810 1048 3858 quo
1072 3797 1144 3844 modo
1168 3794 1288 3844 Horatius
1311 3809 1411 3843 versum
1436 3797 1543 3846 Homeri

419 3872 467 3923 Sed
497 3874 615 3930 Proteus,
641 3887 700 3922 suae
730 3873 776 3921 sibi
800 3875 860 3922 artis
884 3875 959 3937 probe
998 3875 1132 3937 acceperit:
1158 3876 1261 3939 γελοιᾶν
1285 3875 1352 3922 enim
1377 3889 1429 3923 oese
1454 3877 1542 3940 γελοῖα

417 3952 538 4013 conscius,
561 3955 611 4002 no'n
628 3956 701 4001 vultu
717 3955 808 4010 invito,
829 3952 872 4000 sed
892 3967 958 4001 secu·
999 3959 1089 4013 ποιεῖν,
1097 3969 1147 4002 non
1156 3953 1222 4001 idem
1231 3955 1296 4016 quod
1305 3954 1393 4017 γελᾶν.
1420 3954 1543 4013 Praefert,

418 4049 460 4082 rus
484 4048 517 4082 ex
550 4033 633 4082 animo
657 4033 737 4080 ridere
764 4038 872 4095 poterat:
896 4033 959 4081 nihil
997 4034 1136 4095 quodetin
1147 4033 1224 4083 MSS.
1241 4033 1347 4094 legitur:
1376 4035 1440 4083 Cam
1457 4037 1544 4097 rapies

417 4121 470 4162 erat
486 4129 530 4162 cur
546 4113 631 4162 nolens
657 4119 739 4160 tamen
761 4112 840 4160 ridere
861 4125 958 4175 rogere-
997 4113 1024 4160 ia
1040 4114 1114 4172 iura,
1131 4115 1205 4161 malit
1225 4115 1347 4161 ridentem
1364 4115 1459 4162 aliena,
1477 4113 1542 4162 Pro-

417 4200 465 4241 tur.
496 4195 646 4256 interpretes
663 4194 739 4240 variis
755 4193 833 4241 modis
853 4192 958 4240 difficul-
998 4197 1053 4239 teus
1070 4193 1151 4240 ridens
1167 4192 1194 4240 in
1209 4192 1248 4240 ius
1264 4191 1353 4248 veniet,
1369 4193 1444 4255 probe
1454 4194 1543 4254 sciens,

416 4279 492 4321 tatem
516 4274 632 4337 expedire
648 4273 729 4320 eonati
746 4277 815 4329 suut,
837 4279 881 4329 ut,
902 4273 958 4334 po'e-
998 4271 1116 4320 hocnihil
1125 4272 1258 4319 accusatori
1269 4270 1432 4334 profuturum.
1445 4271 1544 4335 Rapere

415 4360 467 4400 tam
492 4352 566 4401 verba
582 4351 686 4401 Homeri
711 4352 736 4398 in
758 4350 834 4398 alium
860 4365 958 4398 sensum
998 4351 1025 4397 in
1033 4353 1092 4398 tara
1101 4354 1178 4414 proin
1187 4354 1225 4400 tur
1233 4350 1341 4398 defendit
1353 4351 1473 4414 exemplis
1482 4352 1544 4401 Vir-

417 4432 558 4489 deflexisse,
574 4432 709 4480 debitorem
726 4431 805 4478 ridere
822 4430 892 4492 genis
908 4444 958 4478 cre-
998 4429 1546 4493 giliiiurudarectHoratiiiararespondere.

417 4511 513 4569 (litoris,
532 4512 571 4560 rel
597 4512 665 4573 genis
682 4511 776 4558 alienae
798 4510 898 4568 formae,
914 4511 979 4573 igt.
1032 4512 1122 4559 Nescio
1138 4525 1172 4557 aa
1191 4509 1340 4572 Anticyram
1355 4510 1424 4557 ratio
1439 4511 1536 4559 illisue
