3542 5634
640 585 810 652 LIBER
857 588 899 651 ll.

253 775 377 858 Fortis,
402 784 435 839 et
458 774 550 838 inse
573 774 644 859 ipso
667 779 755 838 totus
780 777 862 838 teres
887 779 985 857 atque
1008 773 1185 854 rotunduS,

252 878 391 944 Externi
414 900 454 942 ne
478 877 557 962 quid
578 876 687 941 valeat
707 898 764 960 per
786 875 856 941 leve
880 873 1015 957 morari,

252 984 293 1047 In
317 1004 414 1068 quem
436 1002 551 1045 manca
573 981 640 1044 ruit
663 1001 789 1064 semper
810 979 949 1044 fortuna
998 978 1137 1043 Potesne

252 1086 306 1150 Ex
327 1086 398 1169 his,
423 1090 461 1150 ut
482 1085 668 1170 proprium,
692 1085 771 1170 quid
794 1085 947 1149 noscere?
993 1082 1144 1176 Quinque
1168 1085 1292 1150 talenta

252 1189 364 1256 Poscit
386 1195 419 1254 te
441 1189 573 1267 mulier3
597 1193 713 1271 vexat,
737 1187 925 1272 foribusque
947 1186 1114 1271 repulsum

254 1291 428 1359 Perfundit
450 1291 575 1376 gelida3
600 1313 711 1356 mrsus
734 1295 845 1356 vocat:
871 1290 959 1375 eripe
982 1289 1070 1375 turpi

253 1397 348 1464 Colla
370 1395 462 1480 iugo:
488 1394 622 1478 ,‚Liber,
646 1395 729 1459 liber
752 1396 866 1477 sum,“
892 1393 943 1457 dic
966 1394 1043 1478 agel
1089 1394 1164 1458 Non
1189 1395 1279 1479 quis:

253 1498 359 1583 Urget
382 1500 469 1564 enim
492 1500 643 1565 dominus
666 1506 811 1564 mentem
834 1519 900 1562 non
923 1497 1023 1580 lenis,
1048 1503 1081 1563 et
1103 1521 1191 1564 acres

255 1602 424 1667 subiectat
446 1603 533 1668 lasso
557 1603 708 1668 stimulos
732 1607 903 1686 versatque
926 1606 1110 1685 negantem.

256 1704 315 1769 Vel
338 1728 439 1792 quum
464 1706 624 1771 Pausiaca
646 1712 772 1791 torpes,
797 1705 931 1787 insane,
955 1704 1093 1788 tabella,

254 1806 319 1886 Qui
340 1810 585 1894 peccas'minus
610 1814 706 1894 atque
730 1831 809 1894 ego,
833 1829 935 1893 quum
959 1807 1056 1872 Fulvi
1079 1809 1294 1896 Rutubaeque

253 1910 325 1975 Aut
348 1912 549 1976 Placideiani
572 1917 724 1976 contento
745 1911 871 1996 poplite
893 1910 993 1975 miror

254 2013 402 2098 Proelia,
426 2015 555 2080 rubrica
577 2015 666 2101 picta
689 2019 746 2079 aut
769 2014 924 2096 carbone,
948 2014 1040 2079 velut
1063 2015 1092 2080 si

255 2116 305 2182 Re
329 2140 403 2183 vera
424 2125 593 2204 pugnent,
618 2117 737 2182 feriant
760 2117 929 2202 vitentque
952 2123 1120 2182 moventes

253 2220 357 2285 Arma
379 2222 462 2287 viri?
507 2222 657 2307 Nequam
681 2227 714 2286 et
736 2226 878 2286 cessator
903 2220 1032 2297 Davus3
1057 2221 1185 2308 etipse

256 2322 395 2390 Subtilis
418 2332 565 2391 veterum
587 2325 685 2391 iudex
708 2331 741 2391 et
763 2324 901 2391 callidus
925 2325 1027 2390 audis.

255 2425 313 2490 Nil
336 2450 415 2514 ego,
440 2430 469 2496 si
492 2430 591 2495 ducor
613 2430 681 2494 libo
704 2429 870 2506 fumante3
895 2429 958 2495 tibi
980 2429 1096 2514 ingens

255 2530 368 2597 Virtus
393 2539 490 2618 atque
513 2523 642 2598 animus
666 2533 774 2598 coenis
798 2538 969 2617 responsat
992 2533 1135 2617 opimis?

257 2632 460 2722 Obsequium
483 2636 606 2704 ventris
630 2637 713 2701 mihi
735 2636 949 2724 perniciosius
974 2641 1025 2701 est
1047 2638 1124 2701 cur?

242 2748 348 2807 „libem
366 2752 428 2800 liber
443 2754 524 2811 sum,“
545 2753 585 2802 dte
602 2767 651 2816 aye.
679 2752 756 2813 Quasi
796 2766 894 2800 sursum
916 2751 1011 2813 erigere
1031 2756 1138 2814 oportet,
1154 2751 1176 2798 si
1192 2751 1251 2814 quis
1272 2765 1341 2800 accu-

209 2841 242 2875 cx
268 2827 385 2889 formula,
409 2837 438 2878 ut
459 2833 535 2880 Lt'ber
556 2837 620 2889 esto,
651 2839 675 2880 et
695 2835 756 2882 ciuis
796 2840 848 2880 rate
870 2832 961 2881 intneri
978 2831 1040 2879 velit
1055 2831 1176 2894 picturam
1193 2832 1219 2880 in
1235 2831 1284 2880 alto
1300 2848 1341 2896 po·

209 2909 341 2956 Romanus
356 2923 418 2958 sum.
451 2911 532 2958 Nemo
548 2925 587 2958 me
599 2919 673 2959 vexet
684 2919 709 2960 et
719 2913 754 2960 in-
796 2913 877 2959 sitam.
912 2910 987 2959 Tales
1004 2918 1087 2958 autem
1103 2910 1213 2973 picturae
1229 2919 1300 2959 erant
1315 2912 1341 2959 in

209 2988 274 3035 iusta
295 2987 443 3035 contumelia
466 2987 564 3036 afficiat.
598 2989 674 3036 Liber
691 3006 754 3038 sum.
796 2987 1341 3052 parietibus‚plerumquetabernarumPlant.

210 3066 289 3116 Cuius
305 3073 375 3114 tanta
389 3073 428 3113 est
445 3065 587 3123 insolentia,
605 3073 632 3113 ut
649 3081 689 3115 me
705 3083 755 3115 non
796 3068 821 3114 in
846 3066 1000 3115 Menaechm.
1025 3065 1047 3114 Ι.
1072 3080 1102 3114 11.
1121 3065 1163 3114 34.
1198 3068 1248 3117 Die
1267 3071 1341 3127 mitt,

208 3145 318 3194 liberum
335 3144 424 3191 ducat?
440 3144 495 3206 quis
517 3150 554 3192 est
573 3145 618 3193 iste
629 3145 751 3205 dominus,
796 3161 856 3194 aum
878 3159 930 3206 qua
952 3150 982 3193 tu
1003 3146 1090 3192 uidisti
1111 3148 1225 3194 tabulam
1243 3150 1341 3210 pictam

208 3223 254 3287 qui
270 3223 333 3272 mihi
349 3223 453 3286 superbe
469 3224 589 3273 insultat?
796 3224 824 3272 iu
834 3225 947 3286 pariete,
968 3226 994 3273 U
995 3226 1020 3272 bi
1030 3226 1118 3286 aquila
1131 3226 1288 3274 Catamitum
1299 3242 1341 3274 ra-

245 3303 285 3350 Et
300 3317 370 3352 acret
396 3305 525 3354 subiectat
544 3307 610 3354 lasso
629 3308 754 3368 tumulos,
794 3308 878 3363 peret,
896 3305 995 3351 1111111ῠὶ
1010 3305 1093 3351 Venus
1105 3304 1255 3352 Adustum?
1270 3304 1340 3352 Idem

209 3391 343 3444 versatque
354 3388 489 3445 negantem.
515 3383 756 3448 Malim:verentque
797 3379 894 3444 captiv.
911 3382 946 3431 V.
966 3396 1004 3430 rr.
1027 3384 1047 3430 l.
1081 3381 1210 3430 Phaedrus
1231 3382 1280 3431 IV.
1302 3397 1340 3432 vr.

211 3462 327 3524 aequati,
352 3469 377 3510 et
401 3462 514 3510 stimulos
540 3471 622 3511 versat
642 3464 754 3527 neganti,
801 3462 886 3518 Quum
907 3463 970 3510 meti
986 3475 1068 3509 mures
1085 3463 1249 3509 mustelarum
1267 3477 1338 3512 eam·

212 3555 274 3603 quos
291 3538 357 3588 lasso
375 3541 528 3590 subiectavit.
555 3543 604 3603 Qui
614 3543 694 3590 lassus
706 3550 754 3600 est,
797 3541 863 3598 citu,
882 3541 1003 3588 Historia
1010 3555 1116 3603 querum
1127 3541 1156 3587 im
1166 3541 1277 3588 tabernis
1282 3543 1339 3603 piu·

211 3620 326 3683 progredi
337 3626 473 3676 cunctatur,
483 3620 527 3682 qui
538 3627 621 3683 negat,
632 3636 682 3669 non
693 3621 754 3670 vult.
796 3619 872 3679 uitur.
883 3621 1006 3684 I'parrrrlv
1014 3620 1041 3669 ἐν
1052 3619 1129 3682 τοίχῳ
1137 3618 1339 3682 μάχην,ί11Αιι-
1406 3672 1407 3679 ¹

211 3702 351 3749 mabiectare
371 3699 484 3748 stimulos
504 3701 585 3749 minus
607 3709 656 3759 est,
680 3717 755 3764 quam
797 3696 1339 3762 tholegia,etuliaibiinterpretescomparant.

213 3795 320 3829 terrare.
346 3781 435 3841 Imago
450 3780 538 3830 similis
554 3789 590 3830 est
602 3781 756 3844 Virgilianae
823 3780 908 3841 Atque
915 3778 951 3826 ita
959 3779 1010 3826 iam
1018 3781 1100 3828 Acro:
1112 3777 1252 3838 „Quoniam
1260 3780 1339 3842 gladi-

213 3858 244 3904 de
254 3865 311 3906 vate
322 3860 387 3907 Aen.
399 3860 447 3908 VI.
459 3861 499 3918 79,
510 3875 573 3923 qnae
584 3868 662 3909 tentat
673 3861 756 3912 Deum
798 3860 927 3907 1101111111
938 3859 1035 3907 dimicat
1050 3859 1162 3908 extendit
1172 3861 1245 3908 11111111
1262 3861 1339 3923 popli·

214 3943 308 3997 pectore
332 3939 480 3988 excussisse:
516 3941 599 3988 Trmto
620 3943 698 4002 macir
714 3943 757 3990 ille
798 3945 855 3997 tem,
864 3946 908 3987 aut
916 3939 981 4001 quia,
995 3939 1055 3986 dum
1065 3946 1172 3988 attentus
1183 3937 1275 4001 aliquid
1286 3953 1339 4001 spe·

207 4013 310 4078 saliunt
337 4017 373 4064 Or
395 4020 523 4077 rabidum,
537 4021 599 4081 sera
621 4022 696 4068 eorda
715 4024 756 4069 do·
797 4017 1338 4080 ctat,erigitseetextenditpoplitemsunm.“

214 4109 298 4152 ruam,
308 4095 434 4160 fingitque
448 4099 594 4160 proruendo.-
612 4105 635 4146 et
652 4114 688 4147 vs.
702 4100 756 4150 100,
832 4098 983 4158 Obsequium
998 4099 1094 4146 ventris
1104 4096 1167 4144 milti
1175 4097 1339 4156 perniciosius

214 4171 258 4220 Eu
277 4171 359 4234 frema
373 4175 479 4238 furenti
506 4175 636 4225 Certcutit:
665 4183 690 4224 et
711 4181 755 4226 sti·
796 4179 834 4222 ert
853 4173 921 4221 eur?
955 4176 1035 4236 Terqa
1056 4176 1152 4236 plector
1176 4174 1250 4222 enim.
1285 4175 1338 4232 Qut

215 4251 293 4298 mutos
308 4255 353 4300 sub
366 4259 466 4315 pectore
481 4256 556 4303 vertit
573 4257 670 4316 Apollo.
797 4259 826 4300 tu
842 4254 998 4315 impunitior.
1032 4253 1116 4301 Antea
1126 4251 1265 4314 legebatur:
1277 4255 1339 4302 mila

249 4329 370 4380 Contenta
378 4334 473 4394 poplite
482 4335 560 4381 miror
570 4333 682 4380 Proelia.
698 4332 756 4381 Non
795 4335 961 4396 perniciosius
977 4339 1026 4391 ert,·
1039 4333 1104 4382 eur?
1129 4332 1264 4381 Recteiam
1276 4332 1328 4382 Gru

216 4409 362 4472 exprimitur
377 4417 454 4460 status
470 4411 633 4474 gladiatorum
643 4420 756 4462 contento
797 4410 869 4474 quius
886 4413 1032 4461 emendavit.
1066 4413 1337 4462 Praetereaemendan·

215 4489 306 4552 poplite
319 4491 496 4553 pugnantium,
513 4493 555 4540 sed
566 4491 755 4541 Daricontento
796 4491 855 4539 dum
872 4500 946 4555 puto:
972 4494 1049 4554 Terqa
1063 4493 1165 4555 plector.
1199 4490 1278 4542 Enim
1293 4493 1338 4555 qut

215 4567 307 4629 poplite
323 4569 441 4620 mirantis.
470 4571 581 4634 Poplitcs
598 4571 754 4631 contendere,
797 4577 825 4620 tu
842 4574 992 4634 tnrpunitier
1009 4575 1063 4631 tua,
1091 4574 1161 4631 Quae
1180 4587 1258 4634 parre
1274 4575 1338 4621 murt
