<?xml version="1.0" encoding="UTF-8"?>
<!DOCTYPE html PUBLIC "-//W3C//DTD XHTML 1.0 Transitional//EN"
    "http://www.w3.org/TR/xhtml1/DTD/xhtml1-transitional.dtd">
<html xmlns="http://www.w3.org/1999/xhtml" xml:lang="en" lang="en">
 <head>
  <title>
</title>
<meta http-equiv="Content-Type" content="text/html;charset=utf-8" />
  <meta name='ocr-system' content='tesseract 3.04.00' />
  <meta name='ocr-capabilities' content='ocr_page ocr_carea ocr_par ocr_line ocrx_word'/>
</head>
<body>
  <div class='ocr_page' id='page_1' title='image "./qhoratiiflaccis01peergoog_0172.png"; bbox 0 0 3542 5634; ppageno 0'>
   <div class='ocr_carea' id='block_1_1' title="bbox 670 539 1357 604">
    <p class='ocr_par' dir='ltr' id='par_1_1' title="bbox 670 539 1357 604">
     <span class='ocr_line' id='line_1_1' title="bbox 670 539 1357 604; baseline -0.006 0"><span class='ocrx_word' id='word_1_1' title='bbox 670 539 850 604; x_wconf 84' lang='lat' dir='ltr'>LIBER</span> <span class='ocrx_word' id='word_1_2' title='bbox 895 539 939 603; x_wconf 91' lang='lat' dir='ltr'>II.</span> <span class='ocrx_word' id='word_1_3' title='bbox 1296 539 1357 600; x_wconf 73' lang='lat'>147</span> 
     </span>
    </p>
   </div>
   <div class='ocr_carea' id='block_1_2' title="bbox 274 725 1361 1227">
    <p class='ocr_par' dir='ltr' id='par_1_2' title="bbox 276 725 1178 813">
     <span class='ocr_line' id='line_1_2' title="bbox 276 725 1178 813; baseline -0.002 -22"><span class='ocrx_word' id='word_1_4' title='bbox 276 725 327 792; x_wconf 90' lang='lat' dir='ltr'>Ut</span> <span class='ocrx_word' id='word_1_5' title='bbox 349 726 438 791; x_wconf 87' lang='lat' dir='ltr'>canis</span> <span class='ocrx_word' id='word_1_6' title='bbox 462 749 482 791; x_wconf 85' lang='lat' dir='ltr'>a</span> <span class='ocrx_word' id='word_1_7' title='bbox 504 727 593 800; x_wconf 77' lang='lat' dir='ltr'>corio,</span> <span class='ocrx_word' id='word_1_8' title='bbox 614 749 793 813; x_wconf 84' lang='lat' dir='ltr'><strong>numquam</strong></span> <span class='ocrx_word' id='word_1_9' title='bbox 816 725 1048 794; x_wconf 83' lang='lat' dir='ltr'>absterrebitur</span> <span class='ocrx_word' id='word_1_10' title='bbox 1070 730 1178 790; x_wconf 89' lang='lat' dir='ltr'>uncto.</span> 
     </span>
    </p>

    <p class='ocr_par' dir='ltr' id='par_1_3' title="bbox 274 828 1361 1001">
     <span class='ocr_line' id='line_1_3' title="bbox 275 828 1361 916; baseline -0.002 -22"><span class='ocrx_word' id='word_1_11' title='bbox 275 829 332 896; x_wconf 91' lang='lat' dir='ltr'>Me</span> <span class='ocrx_word' id='word_1_12' title='bbox 355 851 445 913; x_wconf 90' lang='lat' dir='ltr'>sene,</span> <span class='ocrx_word' id='word_1_13' title='bbox 469 830 556 916; x_wconf 91' lang='lat' dir='ltr'>quod</span> <span class='ocrx_word' id='word_1_14' title='bbox 579 831 702 915; x_wconf 82' lang='lat' dir='ltr'>dicam,</span> <span class='ocrx_word' id='word_1_15' title='bbox 725 831 850 897; x_wconf 88' lang='lat' dir='ltr'>factum</span> <span class='ocrx_word' id='word_1_16' title='bbox 873 838 932 896; x_wconf 88' lang='lat' dir='ltr'>est.</span> <span class='ocrx_word' id='word_1_17' title='bbox 965 831 1059 895; x_wconf 86' lang='lat' dir='ltr'>Anus</span> <span class='ocrx_word' id='word_1_18' title='bbox 1079 829 1228 913; x_wconf 88' lang='lat' dir='ltr'>improba</span> <span class='ocrx_word' id='word_1_19' title='bbox 1245 828 1361 894; x_wconf 79' lang='lat' dir='ltr'>Thebis</span> 
     </span>
     <span class='ocr_line' id='line_1_4' title="bbox 274 934 976 1001; baseline 0.001 -4"><span class='ocrx_word' id='word_1_20' title='bbox 274 935 330 998; x_wconf 83' lang='lat' dir='ltr'>Ex</span> <span class='ocrx_word' id='word_1_21' title='bbox 352 938 550 1000; x_wconf 87' lang='lat' dir='ltr'>testamento</span> <span class='ocrx_word' id='word_1_22' title='bbox 573 935 618 1000; x_wconf 92' lang='lat' dir='ltr'>sic</span> <span class='ocrx_word' id='word_1_23' title='bbox 642 939 693 1001; x_wconf 88' lang='lat' dir='ltr'>est</span> <span class='ocrx_word' id='word_1_24' title='bbox 715 935 815 1001; x_wconf 86' lang='lat' dir='ltr'>elata:</span> <span class='ocrx_word' id='word_1_25' title='bbox 840 934 976 1000; x_wconf 86' lang='lat' dir='ltr'>cadaver</span> 
     </span>
    </p>

    <p class='ocr_par' dir='ltr' id='par_1_4' title="bbox 274 1036 1151 1123">
     <span class='ocr_line' id='line_1_5' title="bbox 274 1036 1151 1123; baseline -0.002 -21"><span class='ocrx_word' id='word_1_26' title='bbox 274 1036 424 1102; x_wconf 88' lang='lat' dir='ltr'>Unctum</span> <span class='ocrx_word' id='word_1_27' title='bbox 448 1037 518 1103; x_wconf 90' lang='lat' dir='ltr'>oleo</span> <span class='ocrx_word' id='word_1_28' title='bbox 540 1037 632 1123; x_wconf 86' lang='lat' dir='ltr'>largo</span> <span class='ocrx_word' id='word_1_29' title='bbox 655 1039 751 1104; x_wconf 86' lang='lat' dir='ltr'>nudis</span> <span class='ocrx_word' id='word_1_30' title='bbox 775 1037 919 1104; x_wconf 84' lang='lat' dir='ltr'>humeris</span> <span class='ocrx_word' id='word_1_31' title='bbox 943 1036 1022 1102; x_wconf 87' lang='lat' dir='ltr'>tulit</span> <span class='ocrx_word' id='word_1_32' title='bbox 1042 1037 1151 1113; x_wconf 84' lang='lat' dir='ltr'>heres3</span> 
     </span>
    </p>

    <p class='ocr_par' dir='ltr' id='par_1_5' title="bbox 276 1139 1007 1227">
     <span class='ocr_line' id='line_1_6' title="bbox 276 1139 1007 1227; baseline -0.001 -20"><span class='ocrx_word' id='word_1_33' title='bbox 276 1139 410 1207; x_wconf 81' lang='lat' dir='ltr'>Scilicet</span> <span class='ocrx_word' id='word_1_34' title='bbox 433 1141 517 1206; x_wconf 82' lang='lat' dir='ltr'>elabi</span> <span class='ocrx_word' id='word_1_35' title='bbox 541 1142 569 1207; x_wconf 89' lang='lat' dir='ltr'>si</span> <span class='ocrx_word' id='word_1_36' title='bbox 593 1147 704 1227; x_wconf 86' lang='lat' dir='ltr'>posset</span> <span class='ocrx_word' id='word_1_37' title='bbox 726 1146 872 1220; x_wconf 83' lang='lat' dir='ltr'>mortua3</span> <span class='ocrx_word' id='word_1_38' title='bbox 897 1141 1007 1222; x_wconf 84' lang='lat' dir='ltr'>crede,</span> 
     </span>
    </p>
   </div>
   <div class='ocr_carea' id='block_1_3' title="bbox 275 1242 1182 2060">
    <p class='ocr_par' dir='ltr' id='par_1_6' title="bbox 275 1242 1182 2060">
     <span class='ocr_line' id='line_1_7' title="bbox 276 1242 1182 1324; baseline -0.001 -16"><span class='ocrx_word' id='word_1_39' title='bbox 276 1243 372 1324; x_wconf 82' lang='lat' dir='ltr'>Quod</span> <span class='ocrx_word' id='word_1_40' title='bbox 395 1243 535 1309; x_wconf 90' lang='lat' dir='ltr'>nimium</span> <span class='ocrx_word' id='word_1_41' title='bbox 557 1245 723 1311; x_wconf 85' lang='lat' dir='ltr'>inst&#39;terat</span> <span class='ocrx_word' id='word_1_42' title='bbox 745 1245 878 1310; x_wconf 77' lang='lat' dir='ltr'>viventi</span> <span class='ocrx_word' id='word_1_43' title='bbox 928 1242 1052 1310; x_wconf 79' lang='lat' dir='ltr'>Cautus</span> <span class='ocrx_word' id='word_1_44' title='bbox 1075 1244 1182 1324; x_wconf 85' lang='lat' dir='ltr'>adito,</span> 
     </span>
     <span class='ocr_line' id='line_1_8' title="bbox 275 1348 1145 1434; baseline 0 -22"><span class='ocrx_word' id='word_1_45' title='bbox 275 1348 351 1413; x_wconf 88' lang='lat' dir='ltr'>Neu</span> <span class='ocrx_word' id='word_1_46' title='bbox 374 1348 460 1414; x_wconf 87' lang='lat' dir='ltr'>desis</span> <span class='ocrx_word' id='word_1_47' title='bbox 484 1370 597 1434; x_wconf 84' lang='lat' dir='ltr'>operae</span> <span class='ocrx_word' id='word_1_48' title='bbox 620 1373 701 1416; x_wconf 82' lang='lat' dir='ltr'>neve</span> <span class='ocrx_word' id='word_1_49' title='bbox 724 1350 958 1416; x_wconf 84' lang='lat' dir='ltr'>immoderatus</span> <span class='ocrx_word' id='word_1_50' title='bbox 983 1349 1145 1425; x_wconf 83' lang='lat' dir='ltr'>abundes3</span> 
     </span>
     <span class='ocr_line' id='line_1_9' title="bbox 277 1451 1168 1537; baseline -0.002 -21"><span class='ocrx_word' id='word_1_51' title='bbox 277 1451 455 1522; x_wconf 88' lang='lat' dir='ltr'>Difficilem</span> <span class='ocrx_word' id='word_1_52' title='bbox 479 1458 512 1517; x_wconf 92' lang='lat' dir='ltr'>et</span> <span class='ocrx_word' id='word_1_53' title='bbox 533 1474 698 1518; x_wconf 87' lang='lat' dir='ltr'>morosum</span> <span class='ocrx_word' id='word_1_54' title='bbox 722 1452 864 1518; x_wconf 86' lang='lat' dir='ltr'>offendes</span> <span class='ocrx_word' id='word_1_55' title='bbox 886 1452 1056 1537; x_wconf 85' lang='lat' dir='ltr'>garrulus3</span> <span class='ocrx_word' id='word_1_56' title='bbox 1081 1451 1168 1516; x_wconf 89' lang='lat' dir='ltr'>ultro</span> 
     </span>
     <span class='ocr_line' id='line_1_10' title="bbox 276 1555 1140 1650; baseline -0.001 -30"><span class='ocrx_word' id='word_1_57' title='bbox 276 1556 353 1650; x_wconf 86' lang='lat' dir='ltr'>Non</span> <span class='ocrx_word' id='word_1_58' title='bbox 377 1555 476 1620; x_wconf 88' lang='lat' dir='ltr'>etiam</span> <span class='ocrx_word' id='word_1_59' title='bbox 500 1555 605 1622; x_wconf 88' lang='lat' dir='ltr'>sileas.</span> <span class='ocrx_word' id='word_1_60' title='bbox 655 1556 767 1622; x_wconf 88' lang='lat' dir='ltr'>Davus</span> <span class='ocrx_word' id='word_1_61' title='bbox 789 1556 834 1622; x_wconf 90' lang='lat' dir='ltr'>sis</span> <span class='ocrx_word' id='word_1_62' title='bbox 857 1555 1018 1638; x_wconf 74' lang='lat' dir='ltr'>comicuS,</span> <span class='ocrx_word' id='word_1_63' title='bbox 1042 1559 1140 1640; x_wconf 85' lang='lat' dir='ltr'>atque</span> 
     </span>
     <span class='ocr_line' id='line_1_11' title="bbox 278 1656 1155 1745; baseline -0.005 -20"><span class='ocrx_word' id='word_1_64' title='bbox 278 1659 354 1726; x_wconf 83' lang='lat' dir='ltr'>Stes</span> <span class='ocrx_word' id='word_1_65' title='bbox 378 1658 484 1744; x_wconf 88' lang='lat' dir='ltr'>capite</span> <span class='ocrx_word' id='word_1_66' title='bbox 505 1659 652 1745; x_wconf 82' lang='lat' dir='ltr'>obstipe,</span> <span class='ocrx_word' id='word_1_67' title='bbox 677 1660 821 1725; x_wconf 88' lang='lat' dir='ltr'>multum</span> <span class='ocrx_word' id='word_1_68' title='bbox 844 1658 963 1725; x_wconf 88' lang='lat' dir='ltr'>similis</span> <span class='ocrx_word' id='word_1_69' title='bbox 986 1656 1155 1723; x_wconf 89' lang='lat' dir='ltr'>metuenti.</span> 
     </span>
     <span class='ocr_line' id='line_1_12' title="bbox 278 1755 1136 1851; baseline -0.005 -19"><span class='ocrx_word' id='word_1_70' title='bbox 278 1765 444 1851; x_wconf 87' lang='lat' dir='ltr'>Obsequio</span> <span class='ocrx_word' id='word_1_71' title='bbox 467 1787 632 1851; x_wconf 83' lang='lat' dir='ltr'>grassare3</span> <span class='ocrx_word' id='word_1_72' title='bbox 654 1755 767 1848; x_wconf 84' lang='lat' dir='ltr'>mone,</span> <span class='ocrx_word' id='word_1_73' title='bbox 791 1765 820 1831; x_wconf 88' lang='lat' dir='ltr'>si</span> <span class='ocrx_word' id='word_1_74' title='bbox 840 1764 1018 1830; x_wconf 86' lang='lat' dir='ltr'>increbruit</span> <span class='ocrx_word' id='word_1_75' title='bbox 1039 1786 1136 1846; x_wconf 87' lang='lat' dir='ltr'>aura,</span> 
     </span>
     <span class='ocr_line' id='line_1_13' title="bbox 279 1869 1129 1954; baseline -0.005 -18"><span class='ocrx_word' id='word_1_76' title='bbox 279 1869 405 1936; x_wconf 81' lang='lat' dir='ltr'>Cautus</span> <span class='ocrx_word' id='word_1_77' title='bbox 424 1869 475 1934; x_wconf 88' lang='lat' dir='ltr'>uti</span> <span class='ocrx_word' id='word_1_78' title='bbox 496 1870 581 1934; x_wconf 88' lang='lat' dir='ltr'>velet</span> <span class='ocrx_word' id='word_1_79' title='bbox 605 1892 717 1935; x_wconf 89' lang='lat' dir='ltr'>carum</span> <span class='ocrx_word' id='word_1_80' title='bbox 737 1873 852 1954; x_wconf 84' lang='lat' dir='ltr'>caput3</span> <span class='ocrx_word' id='word_1_81' title='bbox 877 1869 1010 1933; x_wconf 86' lang='lat' dir='ltr'>extrahe</span> <span class='ocrx_word' id='word_1_82' title='bbox 1033 1869 1129 1932; x_wconf 89' lang='lat' dir='ltr'>turba</span> 
     </span>
     <span class='ocr_line' id='line_1_14' title="bbox 279 1970 1130 2060; baseline -0.011 -18"><span class='ocrx_word' id='word_1_83' title='bbox 279 1972 450 2060; x_wconf 86' lang='lat' dir='ltr'>Oppositis</span> <span class='ocrx_word' id='word_1_84' title='bbox 470 1973 633 2051; x_wconf 83' lang='lat' dir='ltr'>humeris3</span> <span class='ocrx_word' id='word_1_85' title='bbox 655 1995 765 2038; x_wconf 85' lang='lat' dir='ltr'>aurem</span> <span class='ocrx_word' id='word_1_86' title='bbox 783 1971 971 2056; x_wconf 83' lang='lat' dir='ltr'>substringe</span> <span class='ocrx_word' id='word_1_87' title='bbox 993 1970 1130 2057; x_wconf 88' lang='lat' dir='ltr'>loquaci.</span> 
     </span>
    </p>
   </div>
   <div class='ocr_carea' id='block_1_4' title="bbox 230 2093 1406 4625">
    <p class='ocr_par' dir='ltr' id='par_1_7' title="bbox 230 2093 1406 4625">
     <span class='ocr_line' id='line_1_15' title="bbox 238 2093 1370 2164; baseline -0.007 -16"><span class='ocrx_word' id='word_1_88' title='bbox 238 2102 354 2164; x_wconf 81' lang='lat' dir='ltr'>amplam</span> <span class='ocrx_word' id='word_1_89' title='bbox 381 2103 472 2164; x_wconf 79' lang='lat' dir='ltr'>stipem</span> <span class='ocrx_word' id='word_1_90' title='bbox 497 2103 599 2151; x_wconf 81' lang='lat' dir='ltr'>mulieri</span> <span class='ocrx_word' id='word_1_91' title='bbox 625 2102 783 2159; x_wconf 78' lang='lat' dir='ltr'>detulerant,</span> <span class='ocrx_word' id='word_1_92' title='bbox 823 2099 899 2148; x_wconf 86' lang='lat' dir='ltr'>tacito</span> <span class='ocrx_word' id='word_1_93' title='bbox 914 2104 952 2147; x_wconf 80' lang='lat' dir='ltr'>est</span> <span class='ocrx_word' id='word_1_94' title='bbox 967 2103 1054 2162; x_wconf 87' lang='lat' dir='ltr'>opua.“</span> <span class='ocrx_word' id='word_1_95' title='bbox 1087 2098 1115 2149; x_wconf 85' lang='lat' dir='ltr'>Si</span> <span class='ocrx_word' id='word_1_96' title='bbox 1131 2099 1204 2146; x_wconf 81' lang='lat' dir='ltr'>altra</span> <span class='ocrx_word' id='word_1_97' title='bbox 1216 2093 1307 2144; x_wconf 84' lang='lat' dir='ltr'>Latine</span> <span class='ocrx_word' id='word_1_98' title='bbox 1321 2093 1370 2142; x_wconf 90' lang='lat' dir='ltr'>dici</span> 
     </span>
     <span class='ocr_line' id='line_1_16' title="bbox 232 2176 1369 2242; baseline -0.009 -10"><span class='ocrx_word' id='word_1_99' title='bbox 232 2196 306 2232; x_wconf 80' lang='lat' dir='ltr'>nemo</span> <span class='ocrx_word' id='word_1_100' title='bbox 321 2195 361 2230; x_wconf 80' lang='lat' dir='ltr'>eos</span> <span class='ocrx_word' id='word_1_101' title='bbox 378 2183 505 2242; x_wconf 75' lang='lat' dir='ltr'>chamut,</span> <span class='ocrx_word' id='word_1_102' title='bbox 521 2196 565 2231; x_wconf 80' lang='lat' dir='ltr'>suo</span> <span class='ocrx_word' id='word_1_103' title='bbox 582 2183 713 2230; x_wconf 77' lang='lat' dir='ltr'>arbitrata</span> <span class='ocrx_word' id='word_1_104' title='bbox 730 2182 781 2229; x_wconf 78' lang='lat' dir='ltr'>ciis·</span> <span class='ocrx_word' id='word_1_105' title='bbox 823 2183 906 2240; x_wconf 85' lang='lat' dir='ltr'>posset</span> <span class='ocrx_word' id='word_1_106' title='bbox 921 2192 967 2240; x_wconf 90' lang='lat' dir='ltr'>pro</span> <span class='ocrx_word' id='word_1_107' title='bbox 983 2180 1068 2234; x_wconf 81' lang='lat' dir='ltr'>ultra,</span> <span class='ocrx_word' id='word_1_108' title='bbox 1084 2192 1161 2240; x_wconf 82' lang='lat' dir='ltr'>quum</span> <span class='ocrx_word' id='word_1_109' title='bbox 1176 2176 1241 2224; x_wconf 77' lang='lat' dir='ltr'>ratic</span> <span class='ocrx_word' id='word_1_110' title='bbox 1257 2179 1303 2233; x_wconf 82' lang='lat' dir='ltr'>eat,</span> <span class='ocrx_word' id='word_1_111' title='bbox 1314 2188 1369 2222; x_wconf 84' lang='lat' dir='ltr'>sen-</span> 
     </span>
     <span class='ocr_line' id='line_1_17' title="bbox 232 2254 1369 2322; baseline -0.007 -12"><span class='ocrx_word' id='word_1_112' title='bbox 232 2263 335 2310; x_wconf 73' lang='lat' dir='ltr'>cedam.</span> <span class='ocrx_word' id='word_1_113' title='bbox 372 2261 423 2320; x_wconf 82' lang='lat' dir='ltr'>Qui</span> <span class='ocrx_word' id='word_1_114' title='bbox 444 2261 570 2312; x_wconf 70' lang='lat' dir='ltr'>inanum</span> <span class='ocrx_word' id='word_1_115' title='bbox 596 2277 692 2319; x_wconf 66' lang='lat' dir='ltr'>venne,</span> <span class='ocrx_word' id='word_1_116' title='bbox 716 2260 785 2322; x_wconf 63' lang='lat' dir='ltr'>dono</span> <span class='ocrx_word' id='word_1_117' title='bbox 824 2256 1040 2321; x_wconf 84' lang='lat' dir='ltr'>tentiaprobabilia</span> <span class='ocrx_word' id='word_1_118' title='bbox 1048 2255 1264 2304; x_wconf 82' lang='lat' dir='ltr'>hinenaaceretur.</span> <span class='ocrx_word' id='word_1_119' title='bbox 1277 2254 1369 2303; x_wconf 81' lang='lat' dir='ltr'>Exem-</span> 
     </span>
     <span class='ocr_line' id='line_1_18' title="bbox 233 2335 1369 2404; baseline -0.006 -16"><span class='ocrx_word' id='word_1_120' title='bbox 233 2342 296 2389; x_wconf 77' lang='lat' dir='ltr'>dato</span> <span class='ocrx_word' id='word_1_121' title='bbox 310 2355 358 2402; x_wconf 79' lang='lat' dir='ltr'>pro</span> <span class='ocrx_word' id='word_1_122' title='bbox 374 2341 499 2389; x_wconf 80' lang='lat' dir='ltr'>adulteria</span> <span class='ocrx_word' id='word_1_123' title='bbox 515 2342 745 2404; x_wconf 79' lang='lat' dir='ltr'>deprehenduntur,</span> <span class='ocrx_word' id='word_1_124' title='bbox 760 2345 785 2389; x_wconf 84' lang='lat' dir='ltr'>et</span> <span class='ocrx_word' id='word_1_125' title='bbox 824 2340 894 2403; x_wconf 84' lang='lat' dir='ltr'>phun</span> <span class='ocrx_word' id='word_1_126' title='bbox 914 2338 964 2388; x_wconf 86' lang='lat' dir='ltr'>tale</span> <span class='ocrx_word' id='word_1_127' title='bbox 985 2351 1036 2386; x_wconf 92' lang='lat' dir='ltr'>non</span> <span class='ocrx_word' id='word_1_128' title='bbox 1056 2335 1200 2385; x_wconf 86' lang='lat' dir='ltr'>ostenditur.</span> <span class='ocrx_word' id='word_1_129' title='bbox 1239 2335 1274 2382; x_wconf 86' lang='lat' dir='ltr'>Et</span> <span class='ocrx_word' id='word_1_130' title='bbox 1293 2335 1369 2382; x_wconf 80' lang='lat' dir='ltr'>etiam</span> 
     </span>
     <span class='ocr_line' id='line_1_19' title="bbox 233 2413 1369 2481; baseline -0.004 -15"><span class='ocrx_word' id='word_1_131' title='bbox 233 2419 310 2481; x_wconf 72' lang='lat' dir='ltr'>qaaasa&#39;</span> <span class='ocrx_word' id='word_1_132' title='bbox 319 2419 353 2466; x_wconf 84' lang='lat' dir='ltr'>ad</span> <span class='ocrx_word' id='word_1_133' title='bbox 363 2419 507 2466; x_wconf 75' lang='lat' dir='ltr'>discendum</span> <span class='ocrx_word' id='word_1_134' title='bbox 517 2420 644 2476; x_wconf 70' lang='lat' dir='ltr'>venerint,</span> <span class='ocrx_word' id='word_1_135' title='bbox 655 2433 704 2467; x_wconf 81' lang='lat' dir='ltr'>non</span> <span class='ocrx_word' id='word_1_136' title='bbox 713 2419 785 2480; x_wconf 81' lang='lat' dir='ltr'>prius</span> <span class='ocrx_word' id='word_1_137' title='bbox 826 2421 903 2468; x_wconf 73' lang='lat' dir='ltr'>sileas</span> <span class='ocrx_word' id='word_1_138' title='bbox 919 2433 977 2466; x_wconf 89' lang='lat' dir='ltr'>cnm</span> <span class='ocrx_word' id='word_1_139' title='bbox 993 2419 1064 2466; x_wconf 82' lang='lat' dir='ltr'>altra</span> <span class='ocrx_word' id='word_1_140' title='bbox 1080 2417 1116 2465; x_wconf 85' lang='lat' dir='ltr'>aie</span> <span class='ocrx_word' id='word_1_141' title='bbox 1131 2417 1242 2464; x_wconf 87' lang='lat' dir='ltr'>iunctum</span> <span class='ocrx_word' id='word_1_142' title='bbox 1253 2414 1319 2462; x_wconf 85' lang='lat' dir='ltr'>haud</span> <span class='ocrx_word' id='word_1_143' title='bbox 1328 2413 1369 2462; x_wconf 92' lang='lat' dir='ltr'>ob-</span> 
     </span>
     <span class='ocr_line' id='line_1_20' title="bbox 235 2495 1371 2560; baseline -0.004 -14"><span class='ocrx_word' id='word_1_144' title='bbox 235 2498 695 2560; x_wconf 72' lang='lat' dir='ltr'>abeant,quamaliqatdacripseriat.</span> <span class='ocrx_word' id='word_1_145' title='bbox 711 2497 785 2546; x_wconf 88' lang='lat' dir='ltr'>Adde</span> <span class='ocrx_word' id='word_1_146' title='bbox 826 2511 896 2547; x_wconf 81' lang='lat' dir='ltr'>roure</span> <span class='ocrx_word' id='word_1_147' title='bbox 923 2498 1027 2557; x_wconf 87' lang='lat' dir='ltr'>iudicat,</span> <span class='ocrx_word' id='word_1_148' title='bbox 1050 2497 1143 2560; x_wconf 86' lang='lat' dir='ltr'>requiri</span> <span class='ocrx_word' id='word_1_149' title='bbox 1168 2495 1275 2558; x_wconf 88' lang='lat' dir='ltr'>aliquid,</span> <span class='ocrx_word' id='word_1_150' title='bbox 1299 2495 1371 2542; x_wconf 82' lang='lat' dir='ltr'>ultra</span> 
     </span>
     <span class='ocr_line' id='line_1_21' title="bbox 235 2572 1370 2640; baseline -0.004 -16"><span class='ocrx_word' id='word_1_151' title='bbox 235 2575 307 2624; x_wconf 90' lang='lat' dir='ltr'>aliud</span> <span class='ocrx_word' id='word_1_152' title='bbox 335 2577 476 2639; x_wconf 85' lang='lat' dir='ltr'>exemplum</span> <span class='ocrx_word' id='word_1_153' title='bbox 501 2577 567 2640; x_wconf 87' lang='lat' dir='ltr'>apud</span> <span class='ocrx_word' id='word_1_154' title='bbox 593 2578 733 2627; x_wconf 88' lang='lat' dir='ltr'>Lucianum</span> <span class='ocrx_word' id='word_1_155' title='bbox 759 2576 785 2623; x_wconf 90' lang='lat' dir='ltr'>in</span> <span class='ocrx_word' id='word_1_156' title='bbox 826 2578 892 2638; x_wconf 84' lang='lat' dir='ltr'>qaod</span> <span class='ocrx_word' id='word_1_157' title='bbox 911 2576 998 2639; x_wconf 82' lang='lat' dir='ltr'>Ulyssi</span> <span class='ocrx_word' id='word_1_158' title='bbox 1020 2583 1074 2624; x_wconf 87' lang='lat' dir='ltr'>erat</span> <span class='ocrx_word' id='word_1_159' title='bbox 1089 2575 1225 2632; x_wconf 84' lang='lat' dir='ltr'>silendum,</span> <span class='ocrx_word' id='word_1_160' title='bbox 1250 2573 1316 2635; x_wconf 89' lang='lat' dir='ltr'>quod</span> <span class='ocrx_word' id='word_1_161' title='bbox 1338 2572 1370 2619; x_wconf 90' lang='lat' dir='ltr'>si-</span> 
     </span>
     <span class='ocr_line' id='line_1_22' title="bbox 237 2651 1371 2718; baseline -0.006 -12"><span class='ocrx_word' id='word_1_162' title='bbox 237 2655 336 2706; x_wconf 79' lang='lat' dir='ltr'>Toxari</span> <span class='ocrx_word' id='word_1_163' title='bbox 355 2656 392 2706; x_wconf 87' lang='lat'>17.</span> <span class='ocrx_word' id='word_1_164' title='bbox 825 2654 900 2704; x_wconf 90' lang='lat' dir='ltr'>leudo</span> <span class='ocrx_word' id='word_1_165' title='bbox 917 2669 1033 2718; x_wconf 86' lang='lat' dir='ltr'>superare</span> <span class='ocrx_word' id='word_1_166' title='bbox 1049 2655 1154 2704; x_wconf 87' lang='lat' dir='ltr'>deberet.</span> <span class='ocrx_word' id='word_1_167' title='bbox 1187 2652 1320 2702; x_wconf 86' lang='lat' dir='ltr'>Horkelina</span> <span class='ocrx_word' id='word_1_168' title='bbox 1336 2651 1371 2700; x_wconf 88' lang='lat' dir='ltr'>le·</span> 
     </span>
     <span class='ocr_line' id='line_1_23' title="bbox 272 2731 1372 2799; baseline -0.003 -15"><span class='ocrx_word' id='word_1_169' title='bbox 272 2735 416 2796; x_wconf 63' lang='lat' dir='ltr'>Difficilem</span> <span class='ocrx_word' id='word_1_170' title='bbox 432 2739 457 2784; x_wconf 79' lang='lat' dir='ltr'>et</span> <span class='ocrx_word' id='word_1_171' title='bbox 475 2736 786 2798; x_wconf 76' lang='lat' dir='ltr'>mororumoffendesqur·</span> <span class='ocrx_word' id='word_1_172' title='bbox 827 2736 913 2799; x_wconf 81' lang='lat' dir='ltr'>gebat:</span> <span class='ocrx_word' id='word_1_173' title='bbox 931 2737 1003 2784; x_wconf 83' lang='lat' dir='ltr'>ultra</span> <span class='ocrx_word' id='word_1_174' title='bbox 1022 2749 1066 2784; x_wconf 81' lang='lat' dir='ltr'>noa</span> <span class='ocrx_word' id='word_1_175' title='bbox 1082 2736 1159 2782; x_wconf 79' lang='lat' dir='ltr'>etiam</span> <span class='ocrx_word' id='word_1_176' title='bbox 1175 2735 1256 2782; x_wconf 80' lang='lat' dir='ltr'>sileae.</span> <span class='ocrx_word' id='word_1_177' title='bbox 1290 2731 1372 2782; x_wconf 84' lang='lat' dir='ltr'>Collo·</span> 
     </span>
     <span class='ocr_line' id='line_1_24' title="bbox 237 2808 1406 2879; baseline 0.003 -17"><span class='ocrx_word' id='word_1_178' title='bbox 237 2815 328 2862; x_wconf 76' lang='lat' dir='ltr'>ratas:</span> <span class='ocrx_word' id='word_1_179' title='bbox 346 2808 416 2862; x_wconf 73' lang='lat' dir='ltr'>altio</span> <span class='ocrx_word' id='word_1_180' title='bbox 439 2816 498 2863; x_wconf 81' lang='lat' dir='ltr'>Non</span> <span class='ocrx_word' id='word_1_181' title='bbox 514 2817 686 2864; x_wconf 80' lang='lat' dir='ltr'>ettamctleas.</span> <span class='ocrx_word' id='word_1_182' title='bbox 711 2815 786 2862; x_wconf 87' lang='lat' dir='ltr'>Bent-</span> <span class='ocrx_word' id='word_1_183' title='bbox 827 2817 913 2879; x_wconf 88' lang='lat' dir='ltr'>quium</span> <span class='ocrx_word' id='word_1_184' title='bbox 943 2815 1033 2864; x_wconf 85' lang='lat' dir='ltr'>scilicet</span> <span class='ocrx_word' id='word_1_185' title='bbox 1059 2814 1170 2863; x_wconf 79' lang='lat' dir='ltr'>Tiresiae</span> <span class='ocrx_word' id='word_1_186' title='bbox 1198 2827 1256 2862; x_wconf 84' lang='lat' dir='ltr'>cuin</span> <span class='ocrx_word' id='word_1_187' title='bbox 1280 2811 1372 2876; x_wconf 75' lang='lat' dir='ltr'>ulysse</span> <span class='ocrx_word' id='word_1_188' title='bbox 1403 2858 1406 2865; x_wconf 33' lang='lat' dir='ltr'>i</span> 
     </span>
     <span class='ocr_line' id='line_1_25' title="bbox 236 2891 1373 2956; baseline -0.002 -14"><span class='ocrx_word' id='word_1_189' title='bbox 236 2892 303 2942; x_wconf 88' lang='lat' dir='ltr'>leius</span> <span class='ocrx_word' id='word_1_190' title='bbox 319 2891 392 2955; x_wconf 86' lang='lat' dir='ltr'>legit:</span> <span class='ocrx_word' id='word_1_191' title='bbox 412 2893 554 2954; x_wconf 80' lang='lat' dir='ltr'>Difficilem</span> <span class='ocrx_word' id='word_1_192' title='bbox 570 2898 595 2941; x_wconf 84' lang='lat' dir='ltr'>et</span> <span class='ocrx_word' id='word_1_193' title='bbox 611 2908 734 2942; x_wconf 77' lang='lat' dir='ltr'>mororum</span> <span class='ocrx_word' id='word_1_194' title='bbox 750 2894 786 2956; x_wconf 87' lang='lat' dir='ltr'>os·</span> <span class='ocrx_word' id='word_1_195' title='bbox 827 2897 932 2944; x_wconf 81' lang='lat' dir='ltr'>habetur</span> <span class='ocrx_word' id='word_1_196' title='bbox 947 2896 973 2944; x_wconf 93' lang='lat' dir='ltr'>in</span> <span class='ocrx_word' id='word_1_197' title='bbox 990 2894 1074 2944; x_wconf 80' lang='lat' dir='ltr'>inferia</span> <span class='ocrx_word' id='word_1_198' title='bbox 1091 2894 1163 2952; x_wconf 83' lang='lat' dir='ltr'>locis,</span> <span class='ocrx_word' id='word_1_199' title='bbox 1174 2893 1235 2942; x_wconf 83' lang='lat' dir='ltr'>locis</span> <span class='ocrx_word' id='word_1_200' title='bbox 1245 2892 1373 2942; x_wconf 85' lang='lat' dir='ltr'>silentium</span> 
     </span>
     <span class='ocr_line' id='line_1_26' title="bbox 230 2971 980 3038; baseline 0.001 -16"><span class='ocrx_word' id='word_1_201' title='bbox 230 2974 326 3035; x_wconf 64' lang='lat' dir='ltr'>sendra</span> <span class='ocrx_word' id='word_1_202' title='bbox 347 2973 467 3033; x_wconf 73' lang='lat' dir='ltr'>parratas</span> <span class='ocrx_word' id='word_1_203' title='bbox 489 2973 564 3020; x_wconf 82' lang='lat' dir='ltr'>ultro.</span> <span class='ocrx_word' id='word_1_204' title='bbox 597 2971 722 3038; x_wconf 86' lang='lat' dir='ltr'>„Goecus,</span> <span class='ocrx_word' id='word_1_205' title='bbox 738 2973 786 3031; x_wconf 87' lang='lat' dir='ltr'>ait,</span> <span class='ocrx_word' id='word_1_206' title='bbox 827 2975 980 3023; x_wconf 85' lang='lat' dir='ltr'>umbrarum.</span> 
     </span>
     <span class='ocr_line' id='line_1_27' title="bbox 237 3049 1373 3112; baseline -0.004 -12"><span class='ocrx_word' id='word_1_207' title='bbox 237 3053 273 3100; x_wconf 82' lang='lat' dir='ltr'>sit</span> <span class='ocrx_word' id='word_1_208' title='bbox 297 3055 407 3112; x_wconf 83' lang='lat' dir='ltr'>oportet,</span> <span class='ocrx_word' id='word_1_209' title='bbox 433 3050 477 3111; x_wconf 89' lang='lat' dir='ltr'>qui</span> <span class='ocrx_word' id='word_1_210' title='bbox 502 3049 699 3096; x_wconf 81' lang='lat' dir='ltr'>emendationem</span> <span class='ocrx_word' id='word_1_211' title='bbox 724 3050 787 3100; x_wconf 87' lang='lat' dir='ltr'>hanc</span> <span class='ocrx_word' id='word_1_212' title='bbox 842 3053 926 3102; x_wconf 77' lang='lat' dir='ltr'>&#39;Mihi</span> <span class='ocrx_word' id='word_1_213' title='bbox 937 3053 964 3100; x_wconf 92' lang='lat' dir='ltr'>in</span> <span class='ocrx_word' id='word_1_214' title='bbox 973 3058 1081 3100; x_wconf 91' lang='lat' dir='ltr'>mentem</span> <span class='ocrx_word' id='word_1_215' title='bbox 1092 3058 1205 3100; x_wconf 82' lang='lat' dir='ltr'>venerat:</span> <span class='ocrx_word' id='word_1_216' title='bbox 1223 3053 1295 3100; x_wconf 80' lang='lat' dir='ltr'>altra</span> <span class='ocrx_word' id='word_1_217' title='bbox 1311 3050 1373 3098; x_wconf 79' lang='lat' dir='ltr'>Mu-</span> 
     </span>
     <span class='ocr_line' id='line_1_28' title="bbox 237 3127 1373 3192; baseline 0 -14"><span class='ocrx_word' id='word_1_218' title='bbox 237 3144 291 3178; x_wconf 92' lang='lat' dir='ltr'>non</span> <span class='ocrx_word' id='word_1_219' title='bbox 308 3134 437 3190; x_wconf 79' lang='lat' dir='ltr'>agnoscat3</span> <span class='ocrx_word' id='word_1_220' title='bbox 458 3142 517 3176; x_wconf 86' lang='lat' dir='ltr'>narn</span> <span class='ocrx_word' id='word_1_221' title='bbox 534 3128 560 3176; x_wconf 90' lang='lat' dir='ltr'>ni</span> <span class='ocrx_word' id='word_1_222' title='bbox 577 3127 611 3176; x_wconf 88' lang='lat' dir='ltr'>ita</span> <span class='ocrx_word' id='word_1_223' title='bbox 627 3128 673 3186; x_wconf 85' lang='lat' dir='ltr'>ait,</span> <span class='ocrx_word' id='word_1_224' title='bbox 694 3129 787 3178; x_wconf 87' lang='lat' dir='ltr'>videbit</span> <span class='ocrx_word' id='word_1_225' title='bbox 827 3138 881 3182; x_wconf 80' lang='lat' dir='ltr'>tum</span> <span class='ocrx_word' id='word_1_226' title='bbox 904 3133 981 3180; x_wconf 80' lang='lat' dir='ltr'>etiam</span> <span class='ocrx_word' id='word_1_227' title='bbox 1002 3132 1083 3179; x_wconf 69' lang='lat' dir='ltr'>adeat</span> <span class='ocrx_word' id='word_1_228' title='bbox 1116 3128 1179 3178; x_wconf 86' lang='lat' dir='ltr'>Plus</span> <span class='ocrx_word' id='word_1_229' title='bbox 1198 3143 1273 3192; x_wconf 83' lang='lat' dir='ltr'>quarn</span> <span class='ocrx_word' id='word_1_230' title='bbox 1289 3136 1373 3178; x_wconf 83' lang='lat' dir='ltr'>mutua</span> 
     </span>
     <span class='ocr_line' id='line_1_29' title="bbox 238 3207 1373 3272; baseline 0 -16"><span class='ocrx_word' id='word_1_231' title='bbox 238 3215 266 3256; x_wconf 86' lang='lat' dir='ltr'>et</span> <span class='ocrx_word' id='word_1_232' title='bbox 287 3208 400 3256; x_wconf 81' lang='lat' dir='ltr'>advertet</span> <span class='ocrx_word' id='word_1_233' title='bbox 421 3207 504 3256; x_wconf 88' lang='lat' dir='ltr'>omnia</span> <span class='ocrx_word' id='word_1_234' title='bbox 525 3208 584 3256; x_wconf 84' lang='lat' dir='ltr'>haec</span> <span class='ocrx_word' id='word_1_235' title='bbox 605 3209 711 3256; x_wconf 82' lang='lat' dir='ltr'>secunda</span> <span class='ocrx_word' id='word_1_236' title='bbox 733 3223 785 3272; x_wconf 88' lang='lat' dir='ltr'>per-</span> <span class='ocrx_word' id='word_1_237' title='bbox 826 3211 867 3260; x_wconf 84' lang='lat' dir='ltr'>sis.</span> <span class='ocrx_word' id='word_1_238' title='bbox 893 3209 1002 3260; x_wconf 87' lang='lat' dir='ltr'>Ostende</span> <span class='ocrx_word' id='word_1_239' title='bbox 1018 3215 1110 3266; x_wconf 82' lang='lat' dir='ltr'>tamen,</span> <span class='ocrx_word' id='word_1_240' title='bbox 1127 3215 1278 3271; x_wconf 88' lang='lat' dir='ltr'>quantopere</span> <span class='ocrx_word' id='word_1_241' title='bbox 1290 3221 1373 3256; x_wconf 80' lang='lat' dir='ltr'>renem</span> 
     </span>
     <span class='ocr_line' id='line_1_30' title="bbox 239 3275 1374 3350; baseline -0.001 -13"><span class='ocrx_word' id='word_1_242' title='bbox 239 3285 402 3337; x_wconf 87' lang='lat' dir='ltr'>sonaefferri.</span> <span class='ocrx_word' id='word_1_243' title='bbox 435 3275 786 3350; x_wconf 74' lang='lat' dir='ltr'>Offertdesautemyarralas,</span> <span class='ocrx_word' id='word_1_244' title='bbox 827 3289 955 3338; x_wconf 84' lang='lat' dir='ltr'>difficilem</span> <span class='ocrx_word' id='word_1_245' title='bbox 972 3303 1001 3336; x_wconf 86' lang='lat' dir='ltr'>ae</span> <span class='ocrx_word' id='word_1_246' title='bbox 1017 3301 1143 3335; x_wconf 87' lang='lat' dir='ltr'>morosum</span> <span class='ocrx_word' id='word_1_247' title='bbox 1156 3300 1264 3345; x_wconf 85' lang='lat' dir='ltr'>vereare,</span> <span class='ocrx_word' id='word_1_248' title='bbox 1277 3286 1374 3336; x_wconf 82' lang='lat' dir='ltr'>imitare</span> 
     </span>
     <span class='ocr_line' id='line_1_31' title="bbox 241 3366 1374 3432; baseline -0.002 -16"><span class='ocrx_word' id='word_1_249' title='bbox 241 3369 290 3416; x_wconf 90' lang='lat' dir='ltr'>hoc</span> <span class='ocrx_word' id='word_1_250' title='bbox 311 3373 360 3425; x_wconf 90' lang='lat' dir='ltr'>est,</span> <span class='ocrx_word' id='word_1_251' title='bbox 382 3367 404 3416; x_wconf 83' lang='lat' dir='ltr'>si</span> <span class='ocrx_word' id='word_1_252' title='bbox 425 3367 541 3432; x_wconf 85' lang='lat' dir='ltr'>garrulus</span> <span class='ocrx_word' id='word_1_253' title='bbox 558 3367 657 3416; x_wconf 84' lang='lat' dir='ltr'>fueris.“</span> <span class='ocrx_word' id='word_1_254' title='bbox 690 3369 725 3416; x_wconf 85' lang='lat' dir='ltr'>Et</span> <span class='ocrx_word' id='word_1_255' title='bbox 741 3370 787 3418; x_wconf 89' lang='lat' dir='ltr'>hoc</span> <span class='ocrx_word' id='word_1_256' title='bbox 827 3372 929 3420; x_wconf 80' lang='lat' dir='ltr'>Davum</span> <span class='ocrx_word' id='word_1_257' title='bbox 945 3368 1087 3425; x_wconf 80' lang='lat' dir='ltr'>Comitum,</span> <span class='ocrx_word' id='word_1_258' title='bbox 1109 3366 1168 3425; x_wconf 83' lang='lat' dir='ltr'>aila,</span> <span class='ocrx_word' id='word_1_259' title='bbox 1191 3373 1216 3416; x_wconf 87' lang='lat' dir='ltr'>et</span> <span class='ocrx_word' id='word_1_260' title='bbox 1236 3374 1276 3414; x_wconf 84' lang='lat' dir='ltr'>sta</span> <span class='ocrx_word' id='word_1_261' title='bbox 1295 3366 1374 3429; x_wconf 84' lang='lat' dir='ltr'>capite</span> 
     </span>
     <span class='ocr_line' id='line_1_32' title="bbox 240 3447 930 3512; baseline 0.003 -16"><span class='ocrx_word' id='word_1_262' title='bbox 240 3447 330 3496; x_wconf 85' lang='lat' dir='ltr'>melius</span> <span class='ocrx_word' id='word_1_263' title='bbox 355 3447 417 3496; x_wconf 90' lang='lat' dir='ltr'>mihi</span> <span class='ocrx_word' id='word_1_264' title='bbox 442 3447 540 3496; x_wconf 83' lang='lat' dir='ltr'>videtur</span> <span class='ocrx_word' id='word_1_265' title='bbox 564 3463 639 3510; x_wconf 82' lang='lat' dir='ltr'>quani</span> <span class='ocrx_word' id='word_1_266' title='bbox 663 3449 787 3510; x_wconf 81' lang='lat' dir='ltr'>offendet,</span> <span class='ocrx_word' id='word_1_267' title='bbox 828 3450 930 3512; x_wconf 86' lang='lat' dir='ltr'>obstipo.</span> 
     </span>
     <span class='ocr_line' id='line_1_33' title="bbox 241 3524 1374 3592; baseline -0.004 -15"><span class='ocrx_word' id='word_1_268' title='bbox 241 3529 285 3577; x_wconf 81' lang='lat' dir='ltr'>sed</span> <span class='ocrx_word' id='word_1_269' title='bbox 302 3529 360 3592; x_wconf 89' lang='lat' dir='ltr'>qnid</span> <span class='ocrx_word' id='word_1_270' title='bbox 378 3531 462 3577; x_wconf 85' lang='lat' dir='ltr'>ultro?</span> <span class='ocrx_word' id='word_1_271' title='bbox 480 3529 579 3590; x_wconf 86' lang='lat' dir='ltr'>etquid</span> <span class='ocrx_word' id='word_1_272' title='bbox 596 3530 738 3576; x_wconf 70' lang='lat' dir='ltr'>nemetiam</span> <span class='ocrx_word' id='word_1_273' title='bbox 754 3532 787 3576; x_wconf 81' lang='lat' dir='ltr'>ei·</span> <span class='ocrx_word' id='word_1_274' title='bbox 820 3559 826 3576; x_wconf 49' lang='lat' dir='ltr'><strong><em>s</em></strong></span> <span class='ocrx_word' id='word_1_275' title='bbox 861 3527 1011 3578; x_wconf 81' lang='lat' dir='ltr'>Doderlinus</span> <span class='ocrx_word' id='word_1_276' title='bbox 1027 3524 1137 3574; x_wconf 85' lang='lat' dir='ltr'>defendit</span> <span class='ocrx_word' id='word_1_277' title='bbox 1153 3526 1262 3588; x_wconf 68' lang='lat' dir='ltr'>‹ffendet</span> <span class='ocrx_word' id='word_1_278' title='bbox 1284 3541 1374 3588; x_wconf 76' lang='lat' dir='ltr'>qam·</span> 
     </span>
     <span class='ocr_line' id='line_1_34' title="bbox 241 3606 1375 3670; baseline -0.002 -14"><span class='ocrx_word' id='word_1_279' title='bbox 241 3607 315 3656; x_wconf 76' lang='lat' dir='ltr'>leae?</span> <span class='ocrx_word' id='word_1_280' title='bbox 348 3608 423 3657; x_wconf 85' lang='lat' dir='ltr'>Haud</span> <span class='ocrx_word' id='word_1_281' title='bbox 445 3609 504 3656; x_wconf 86' lang='lat' dir='ltr'>satis</span> <span class='ocrx_word' id='word_1_282' title='bbox 521 3606 646 3668; x_wconf 84' lang='lat' dir='ltr'>intelligo,</span> <span class='ocrx_word' id='word_1_283' title='bbox 667 3608 788 3669; x_wconf 90' lang='lat' dir='ltr'>quomodo</span> <span class='ocrx_word' id='word_1_284' title='bbox 829 3611 868 3656; x_wconf 81' lang='lat' dir='ltr'>lus</span> <span class='ocrx_word' id='word_1_285' title='bbox 885 3611 968 3656; x_wconf 81' lang='lat' dir='ltr'>ultro:</span> <span class='ocrx_word' id='word_1_286' title='bbox 990 3608 1007 3655; x_wconf 92' lang='lat' dir='ltr'>i.</span> <span class='ocrx_word' id='word_1_287' title='bbox 1024 3621 1045 3656; x_wconf 87' lang='lat' dir='ltr'>e.</span> <span class='ocrx_word' id='word_1_288' title='bbox 1070 3609 1139 3655; x_wconf 78' lang='lat' dir='ltr'>altro</span> <span class='ocrx_word' id='word_1_289' title='bbox 1155 3606 1274 3670; x_wconf 80' lang='lat' dir='ltr'>offendet,</span> <span class='ocrx_word' id='word_1_290' title='bbox 1300 3606 1375 3655; x_wconf 89' lang='lat' dir='ltr'>etiam</span> 
     </span>
     <span class='ocr_line' id='line_1_35' title="bbox 243 3685 1375 3750; baseline 0.001 -17"><span class='ocrx_word' id='word_1_291' title='bbox 243 3686 291 3735; x_wconf 88' lang='lat' dir='ltr'>hoc</span> <span class='ocrx_word' id='word_1_292' title='bbox 319 3686 463 3749; x_wconf 83' lang='lat' dir='ltr'>pracsertim</span> <span class='ocrx_word' id='word_1_293' title='bbox 488 3700 544 3734; x_wconf 86' lang='lat' dir='ltr'>curn</span> <span class='ocrx_word' id='word_1_294' title='bbox 568 3686 721 3734; x_wconf 83' lang='lat' dir='ltr'>antecedenti</span> <span class='ocrx_word' id='word_1_295' title='bbox 750 3700 788 3734; x_wconf 93' lang='lat' dir='ltr'>co·</span> <span class='ocrx_word' id='word_1_296' title='bbox 829 3686 944 3736; x_wconf 87' lang='lat' dir='ltr'>offendet.</span> <span class='ocrx_word' id='word_1_297' title='bbox 969 3687 1016 3736; x_wconf 85' lang='lat' dir='ltr'>Eat</span> <span class='ocrx_word' id='word_1_298' title='bbox 1034 3687 1155 3750; x_wconf 88' lang='lat' dir='ltr'>quaedam</span> <span class='ocrx_word' id='word_1_299' title='bbox 1167 3685 1299 3749; x_wconf 74' lang='lat' dir='ltr'>garruliter</span> <span class='ocrx_word' id='word_1_300' title='bbox 1309 3700 1375 3736; x_wconf 86' lang='lat' dir='ltr'>ama·</span> 
     </span>
     <span class='ocr_line' id='line_1_36' title="bbox 243 3764 1376 3829; baseline 0 -15"><span class='ocrx_word' id='word_1_301' title='bbox 243 3767 351 3814; x_wconf 86' lang='lat' dir='ltr'>haereat.</span> <span class='ocrx_word' id='word_1_302' title='bbox 384 3766 437 3815; x_wconf 89' lang='lat' dir='ltr'>Pro</span> <span class='ocrx_word' id='word_1_303' title='bbox 458 3767 524 3814; x_wconf 79' lang='lat' dir='ltr'>ultro</span> <span class='ocrx_word' id='word_1_304' title='bbox 546 3766 572 3813; x_wconf 91' lang='lat' dir='ltr'>in</span> <span class='ocrx_word' id='word_1_305' title='bbox 593 3765 690 3828; x_wconf 87' lang='lat' dir='ltr'>optimis</span> <span class='ocrx_word' id='word_1_306' title='bbox 711 3764 789 3814; x_wconf 85' lang='lat' dir='ltr'><strong>MSS.</strong></span> <span class='ocrx_word' id='word_1_307' title='bbox 831 3767 898 3825; x_wconf 83' lang='lat' dir='ltr'>bilia,</span> <span class='ocrx_word' id='word_1_308' title='bbox 915 3767 981 3816; x_wconf 90' lang='lat' dir='ltr'>hand</span> <span class='ocrx_word' id='word_1_309' title='bbox 991 3767 1127 3815; x_wconf 84' lang='lat' dir='ltr'>iniucunda</span> <span class='ocrx_word' id='word_1_310' title='bbox 1141 3780 1237 3829; x_wconf 88' lang='lat' dir='ltr'>qnoque</span> <span class='ocrx_word' id='word_1_311' title='bbox 1249 3767 1311 3826; x_wconf 83' lang='lat' dir='ltr'>reni,</span> <span class='ocrx_word' id='word_1_312' title='bbox 1328 3767 1376 3815; x_wconf 86' lang='lat' dir='ltr'>niai</span> 
     </span>
     <span class='ocr_line' id='line_1_37' title="bbox 244 3844 1375 3908; baseline 0.001 -15"><span class='ocrx_word' id='word_1_313' title='bbox 244 3853 286 3894; x_wconf 83' lang='lat' dir='ltr'>est</span> <span class='ocrx_word' id='word_1_314' title='bbox 303 3848 382 3894; x_wconf 79' lang='lat' dir='ltr'>ultra.</span> <span class='ocrx_word' id='word_1_315' title='bbox 416 3846 482 3894; x_wconf 86' lang='lat' dir='ltr'>Hine</span> <span class='ocrx_word' id='word_1_316' title='bbox 502 3844 545 3894; x_wconf 86' lang='lat' dir='ltr'>alii</span> <span class='ocrx_word' id='word_1_317' title='bbox 566 3845 690 3894; x_wconf 84' lang='lat' dir='ltr'>feceruut:</span> <span class='ocrx_word' id='word_1_318' title='bbox 711 3845 789 3906; x_wconf 82' lang='lat' dir='ltr'>offen·</span> <span class='ocrx_word' id='word_1_319' title='bbox 831 3847 864 3895; x_wconf 81' lang='lat' dir='ltr'>sit</span> <span class='ocrx_word' id='word_1_320' title='bbox 879 3845 989 3894; x_wconf 88' lang='lat' dir='ltr'>difficilia</span> <span class='ocrx_word' id='word_1_321' title='bbox 1007 3861 1035 3896; x_wconf 86' lang='lat' dir='ltr'>ac</span> <span class='ocrx_word' id='word_1_322' title='bbox 1051 3860 1173 3895; x_wconf 82' lang='lat' dir='ltr'>morosus.</span> <span class='ocrx_word' id='word_1_323' title='bbox 1190 3845 1248 3894; x_wconf 84' lang='lat' dir='ltr'>Tali</span> <span class='ocrx_word' id='word_1_324' title='bbox 1258 3845 1375 3908; x_wconf 77' lang='lat' dir='ltr'>garrulus</span> 
     </span>
     <span class='ocr_line' id='line_1_38' title="bbox 244 3925 1375 3988; baseline -0.002 -14"><span class='ocrx_word' id='word_1_325' title='bbox 244 3927 288 3974; x_wconf 74' lang='lat' dir='ltr'>dea</span> <span class='ocrx_word' id='word_1_326' title='bbox 304 3927 438 3988; x_wconf 69' lang='lat' dir='ltr'>parratas:</span> <span class='ocrx_word' id='word_1_327' title='bbox 456 3927 528 3973; x_wconf 81' lang='lat' dir='ltr'>ultra</span> <span class='ocrx_word' id='word_1_328' title='bbox 549 3927 608 3973; x_wconf 83' lang='lat' dir='ltr'>Non</span> <span class='ocrx_word' id='word_1_329' title='bbox 620 3925 789 3974; x_wconf 59' lang='lat' dir='ltr'>estanasilcar.</span> <span class='ocrx_word' id='word_1_330' title='bbox 830 3939 882 3974; x_wconf 90' lang='lat' dir='ltr'>non</span> <span class='ocrx_word' id='word_1_331' title='bbox 899 3927 947 3974; x_wconf 88' lang='lat' dir='ltr'>erit</span> <span class='ocrx_word' id='word_1_332' title='bbox 962 3927 1099 3984; x_wconf 83' lang='lat' dir='ltr'>ineundus,</span> <span class='ocrx_word' id='word_1_333' title='bbox 1119 3926 1162 3974; x_wconf 81' lang='lat' dir='ltr'>aed</span> <span class='ocrx_word' id='word_1_334' title='bbox 1182 3928 1252 3975; x_wconf 81' lang='lat' dir='ltr'>altro</span> <span class='ocrx_word' id='word_1_335' title='bbox 1266 3940 1324 3974; x_wconf 89' lang='lat' dir='ltr'>eum</span> <span class='ocrx_word' id='word_1_336' title='bbox 1340 3925 1375 3972; x_wconf 87' lang='lat' dir='ltr'>of·</span> 
     </span>
     <span class='ocr_line' id='line_1_39' title="bbox 245 4004 923 4068; baseline -0.003 -14"><span class='ocrx_word' id='word_1_337' title='bbox 245 4005 301 4054; x_wconf 86' lang='lat' dir='ltr'>Hoc</span> <span class='ocrx_word' id='word_1_338' title='bbox 322 4006 371 4054; x_wconf 89' lang='lat' dir='ltr'>iam</span> <span class='ocrx_word' id='word_1_339' title='bbox 393 4013 488 4054; x_wconf 81' lang='lat' dir='ltr'>vetares</span> <span class='ocrx_word' id='word_1_340' title='bbox 510 4005 703 4068; x_wconf 85' lang='lat' dir='ltr'>interpretantur</span> <span class='ocrx_word' id='word_1_341' title='bbox 719 4005 790 4053; x_wconf 82' lang='lat' dir='ltr'>ultra</span> <span class='ocrx_word' id='word_1_342' title='bbox 832 4004 923 4054; x_wconf 79' lang='lat' dir='ltr'>tendet.</span> 
     </span>
     <span class='ocr_line' id='line_1_40' title="bbox 247 4073 1374 4147; baseline -0.003 -13"><span class='ocrx_word' id='word_1_343' title='bbox 247 4100 323 4146; x_wconf 82' lang='lat' dir='ltr'>quam</span> <span class='ocrx_word' id='word_1_344' title='bbox 334 4087 458 4134; x_wconf 76' lang='lat' dir='ltr'>reticeat:</span> <span class='ocrx_word' id='word_1_345' title='bbox 477 4082 707 4132; x_wconf 83' lang='lat' dir='ltr'>etGommantator:</span> <span class='ocrx_word' id='word_1_346' title='bbox 725 4073 804 4142; x_wconf 84' lang='lat' dir='ltr'>‚,Os·&#39;</span> <span class='ocrx_word' id='word_1_347' title='bbox 871 4085 968 4132; x_wconf 80' lang='lat' dir='ltr'>Aurem</span> <span class='ocrx_word' id='word_1_348' title='bbox 991 4086 1132 4147; x_wconf 60' lang='lat' dir='ltr'>michinqe</span> <span class='ocrx_word' id='word_1_349' title='bbox 1156 4085 1260 4147; x_wconf 78' lang='lat' dir='ltr'>loquaci.</span> <span class='ocrx_word' id='word_1_350' title='bbox 1293 4083 1374 4133; x_wconf 86' lang='lat' dir='ltr'>Intar-</span> 
     </span>
     <span class='ocr_line' id='line_1_41' title="bbox 246 4159 1376 4228; baseline -0.001 -17"><span class='ocrx_word' id='word_1_351' title='bbox 246 4165 326 4213; x_wconf 87' lang='lat' dir='ltr'>tendit</span> <span class='ocrx_word' id='word_1_352' title='bbox 347 4165 469 4228; x_wconf 91' lang='lat' dir='ltr'>quomodo</span> <span class='ocrx_word' id='word_1_353' title='bbox 488 4163 565 4226; x_wconf 82' lang='lat' dir='ltr'>possit</span> <span class='ocrx_word' id='word_1_354' title='bbox 581 4163 791 4226; x_wconf 83' lang='lat' dir='ltr'>importunitatem</span> <span class='ocrx_word' id='word_1_355' title='bbox 832 4170 973 4227; x_wconf 85' lang='lat' dir='ltr'>pretantur:</span> <span class='ocrx_word' id='word_1_356' title='bbox 990 4163 1013 4211; x_wconf 86' lang='lat' dir='ltr'>si</span> <span class='ocrx_word' id='word_1_357' title='bbox 1023 4159 1114 4221; x_wconf 73' lang='lat' dir='ltr'>Dima,</span> <span class='ocrx_word' id='word_1_358' title='bbox 1130 4177 1216 4222; x_wconf 78' lang='lat' dir='ltr'>senex,</span> <span class='ocrx_word' id='word_1_359' title='bbox 1227 4169 1264 4210; x_wconf 88' lang='lat' dir='ltr'>est</span> <span class='ocrx_word' id='word_1_360' title='bbox 1274 4163 1376 4225; x_wconf 83' lang='lat' dir='ltr'>loquax,</span> 
     </span>
     <span class='ocr_line' id='line_1_42' title="bbox 247 4242 1376 4306; baseline 0 -16"><span class='ocrx_word' id='word_1_361' title='bbox 247 4243 364 4306; x_wconf 89' lang='lat' dir='ltr'>loquendi</span> <span class='ocrx_word' id='word_1_362' title='bbox 380 4243 472 4300; x_wconf 88' lang='lat' dir='ltr'>vitare,</span> <span class='ocrx_word' id='word_1_363' title='bbox 489 4243 554 4304; x_wconf 88' lang='lat' dir='ltr'>apud</span> <span class='ocrx_word' id='word_1_364' title='bbox 573 4249 699 4290; x_wconf 89' lang='lat' dir='ltr'>austerum</span> <span class='ocrx_word' id='word_1_365' title='bbox 716 4248 741 4291; x_wconf 89' lang='lat' dir='ltr'>et</span> <span class='ocrx_word' id='word_1_366' title='bbox 756 4249 792 4290; x_wconf 88' lang='lat' dir='ltr'>ta·</span> <span class='ocrx_word' id='word_1_367' title='bbox 833 4250 861 4290; x_wconf 91' lang='lat' dir='ltr'>tu</span> <span class='ocrx_word' id='word_1_368' title='bbox 877 4257 950 4295; x_wconf 79' lang='lat' dir='ltr'>aures</span> <span class='ocrx_word' id='word_1_369' title='bbox 966 4250 1022 4290; x_wconf 86' lang='lat' dir='ltr'>tuas</span> <span class='ocrx_word' id='word_1_370' title='bbox 1038 4249 1145 4292; x_wconf 82' lang='lat' dir='ltr'>arrectas</span> <span class='ocrx_word' id='word_1_371' title='bbox 1156 4242 1192 4290; x_wconf 93' lang='lat' dir='ltr'>illi</span> <span class='ocrx_word' id='word_1_372' title='bbox 1202 4243 1376 4293; x_wconf 74' lang='lat' dir='ltr'>&#39;aoeommodat</span> 
     </span>
     <span class='ocr_line' id='line_1_43' title="bbox 247 4320 1378 4384; baseline 0 -14"><span class='ocrx_word' id='word_1_373' title='bbox 247 4322 373 4371; x_wconf 88' lang='lat' dir='ltr'>cituruum</span> <span class='ocrx_word' id='word_1_374' title='bbox 398 4336 430 4370; x_wconf 91' lang='lat' dir='ltr'>ne</span> <span class='ocrx_word' id='word_1_375' title='bbox 454 4321 528 4369; x_wconf 82' lang='lat' dir='ltr'>nimis</span> <span class='ocrx_word' id='word_1_376' title='bbox 551 4321 666 4384; x_wconf 86' lang='lat' dir='ltr'>loquare,</span> <span class='ocrx_word' id='word_1_377' title='bbox 691 4336 736 4370; x_wconf 89' lang='lat' dir='ltr'>neo</span> <span class='ocrx_word' id='word_1_378' title='bbox 757 4322 792 4370; x_wconf 92' lang='lat' dir='ltr'>ni·</span> <span class='ocrx_word' id='word_1_379' title='bbox 832 4321 962 4379; x_wconf 86' lang='lat' dir='ltr'>contrahe,</span> <span class='ocrx_word' id='word_1_380' title='bbox 982 4321 1083 4384; x_wconf 81' lang='lat' dir='ltr'>subrige</span> <span class='ocrx_word' id='word_1_381' title='bbox 1101 4335 1173 4370; x_wconf 82' lang='lat' dir='ltr'>aures</span> <span class='ocrx_word' id='word_1_382' title='bbox 1189 4328 1245 4371; x_wconf 82' lang='lat' dir='ltr'>tuas</span> <span class='ocrx_word' id='word_1_383' title='bbox 1262 4320 1305 4370; x_wconf 93' lang='lat' dir='ltr'>illi.</span> <span class='ocrx_word' id='word_1_384' title='bbox 1338 4320 1378 4371; x_wconf 78' lang='lat' dir='ltr'>sit</span> 
     </span>
     <span class='ocr_line' id='line_1_44' title="bbox 248 4399 1378 4465; baseline 0 -15"><span class='ocrx_word' id='word_1_385' title='bbox 248 4401 326 4450; x_wconf 86' lang='lat' dir='ltr'>mium</span> <span class='ocrx_word' id='word_1_386' title='bbox 349 4402 381 4451; x_wconf 82' lang='lat' dir='ltr'>sia</span> <span class='ocrx_word' id='word_1_387' title='bbox 403 4402 548 4451; x_wconf 82' lang='lat' dir='ltr'>taciturnus.</span> <span class='ocrx_word' id='word_1_388' title='bbox 581 4401 669 4450; x_wconf 82' lang='lat' dir='ltr'>Davus</span> <span class='ocrx_word' id='word_1_389' title='bbox 692 4403 725 4450; x_wconf 82' lang='lat' dir='ltr'>ais</span> <span class='ocrx_word' id='word_1_390' title='bbox 745 4399 793 4451; x_wconf 80' lang='lat' dir='ltr'>Co·</span> <span class='ocrx_word' id='word_1_391' title='bbox 832 4402 878 4460; x_wconf 84' lang='lat' dir='ltr'>ita;</span> <span class='ocrx_word' id='word_1_392' title='bbox 904 4417 1055 4465; x_wconf 85' lang='lat' dir='ltr'>quamquam</span> <span class='ocrx_word' id='word_1_393' title='bbox 1080 4402 1171 4461; x_wconf 85' lang='lat' dir='ltr'>fateor,</span> <span class='ocrx_word' id='word_1_394' title='bbox 1196 4416 1236 4450; x_wconf 88' lang='lat' dir='ltr'>mo</span> <span class='ocrx_word' id='word_1_395' title='bbox 1256 4402 1378 4451; x_wconf 85' lang='lat' dir='ltr'>rationem</span> 
     </span>
     <span class='ocr_line' id='line_1_45' title="bbox 248 4480 1378 4546; baseline 0 -16"><span class='ocrx_word' id='word_1_396' title='bbox 248 4482 334 4530; x_wconf 83' lang='lat' dir='ltr'>micus.</span> <span class='ocrx_word' id='word_1_397' title='bbox 362 4482 470 4532; x_wconf 86' lang='lat' dir='ltr'>Astutus</span> <span class='ocrx_word' id='word_1_398' title='bbox 486 4487 511 4529; x_wconf 85' lang='lat' dir='ltr'>et</span> <span class='ocrx_word' id='word_1_399' title='bbox 527 4480 644 4537; x_wconf 88' lang='lat' dir='ltr'>callidus,</span> <span class='ocrx_word' id='word_1_400' title='bbox 667 4480 709 4543; x_wconf 89' lang='lat' dir='ltr'>qui</span> <span class='ocrx_word' id='word_1_401' title='bbox 724 4480 793 4544; x_wconf 89' lang='lat' dir='ltr'>loqui</span> <span class='ocrx_word' id='word_1_402' title='bbox 834 4483 905 4530; x_wconf 75' lang='lat' dir='ltr'>auris</span> <span class='ocrx_word' id='word_1_403' title='bbox 920 4484 1125 4544; x_wconf 73' lang='lat' dir='ltr'>substrinqcndac</span> <span class='ocrx_word' id='word_1_404' title='bbox 1144 4497 1196 4531; x_wconf 90' lang='lat' dir='ltr'>uon</span> <span class='ocrx_word' id='word_1_405' title='bbox 1211 4480 1270 4531; x_wconf 80' lang='lat' dir='ltr'>satia</span> <span class='ocrx_word' id='word_1_406' title='bbox 1287 4481 1378 4546; x_wconf 78' lang='lat' dir='ltr'>perspi-</span> 
     </span>
     <span class='ocr_line' id='line_1_46' title="bbox 249 4559 1378 4625; baseline -0.001 -17"><span class='ocrx_word' id='word_1_407' title='bbox 249 4575 300 4608; x_wconf 87' lang='lat' dir='ltr'>uou</span> <span class='ocrx_word' id='word_1_408' title='bbox 326 4559 408 4620; x_wconf 46' lang='lat' dir='ltr'>novit,¹</span> <span class='ocrx_word' id='word_1_409' title='bbox 436 4560 462 4619; x_wconf 81' lang='lat' dir='ltr'>(l.</span> <span class='ocrx_word' id='word_1_410' title='bbox 478 4574 528 4608; x_wconf 88' lang='lat' dir='ltr'>non</span> <span class='ocrx_word' id='word_1_411' title='bbox 553 4559 621 4622; x_wconf 89' lang='lat' dir='ltr'>loqui</span> <span class='ocrx_word' id='word_1_412' title='bbox 645 4559 725 4620; x_wconf 85' lang='lat' dir='ltr'>novit)</span> <span class='ocrx_word' id='word_1_413' title='bbox 749 4561 794 4609; x_wconf 91' lang='lat' dir='ltr'>nbi</span> <span class='ocrx_word' id='word_1_414' title='bbox 834 4575 901 4610; x_wconf 87' lang='lat' dir='ltr'>cere:</span> <span class='ocrx_word' id='word_1_415' title='bbox 916 4573 1006 4611; x_wconf 82' lang='lat' dir='ltr'>&#39;aurem</span> <span class='ocrx_word' id='word_1_416' title='bbox 1022 4564 1163 4625; x_wconf 74' lang='lat' dir='ltr'>cutotrinpe</span> <span class='ocrx_word' id='word_1_417' title='bbox 1179 4561 1378 4625; x_wconf 71' lang='lat' dir='ltr'>bqaact,uthic</span> 
     </span>
    </p>
   </div>
   <div class='ocr_carea' id='block_1_5' title="bbox 1109 4641 1242 4708">
    <p class='ocr_par' dir='ltr' id='par_1_8' title="bbox 1109 4641 1242 4708">
     <span class='ocr_line' id='line_1_47' title="bbox 1109 4641 1242 4708; baseline 0.008 -1"><span class='ocrx_word' id='word_1_418' title='bbox 1109 4641 1112 4654; x_wconf 70' lang='lat'><em>¹</em></span> <span class='ocrx_word' id='word_1_419' title='bbox 1173 4645 1242 4708; x_wconf 77' lang='lat'>10*</span> 
     </span>
    </p>
   </div>
   <div class='ocr_carea' id='block_1_6' title="bbox 0 0 1808 5634">
    <p class='ocr_par' dir='ltr' id='par_1_9' title="bbox 0 0 1808 5634">
     <span class='ocr_line' id='line_1_48' title="bbox 0 0 1808 5634; baseline 0 0"><span class='ocrx_word' id='word_1_420' title='bbox 0 0 1808 5634; x_wconf 95' lang='lat' dir='ltr'> </span> 
     </span>
    </p>
   </div>
  </div>
 </body>
</html>
