3542 5634
384 543 447 606 186
805 544 850 608 ll.
895 562 1023 610 sarius
1045 565 1067 610 1.
1095 565 1131 610 11.

381 757 405 804 p.
413 741 471 790 289.
489 754 548 788 usus
565 738 719 802 argumentis
734 738 784 786 lbre
801 736 896 786 iisdem.
913 736 969 785 Hoc
984 735 1058 795 mihi,
1081 735 1164 798 ample
1183 734 1337 784 Bibliotheca
1353 735 1394 783 bic
1409 738 1517 796 wenti,

381 822 432 870 ium
451 832 524 882 scope
540 816 634 866 eccidit.
944 813 949 824 ¹

430 899 461 948 Ρ.
477 899 518 947 80.
553 897 670 959 Dqllnqit
686 897 771 944 Rheni
787 888 987 957 luteum'caput.
1020 895 1124 957 Ineptus
1140 895 1213 957 podio
1233 893 1272 942 uti
1287 893 1368 955 potuit
1383 893 1461 942 verbo
1476 897 1517 942 de-

375 979 505 1042 frinqere,
521 983 546 1026 et
562 975 681 1026 Horatius
698 973 824 1038 scripsisse
840 974 964 1037 defrinqit
981 976 1067 1023 Rheni
1083 973 1124 1022 vel
1141 975 1230 1022 lilioso
1246 976 1342 1021 luteum
1357 980 1445 1034 caput.
1470 972 1518 1020 Di-

381 1072 461 1120 gnum
477 1056 667 1120 reprehensione
683 1061 708 1104 ct
723 1055 776 1103 risu
793 1057 889 1102 luteum
905 1060 983 1117 eaput
999 1068 1044 1117 pro
1054 1054 1155 1116 starum
1172 1058 1263 1114 eaput,
1285 1058 1310 1100 ct
1325 1057 1405 1113 caput
1419 1051 1519 1113 defrin-

380 1141 419 1201 qit
434 1152 480 1202 pro
496 1151 590 1186 emnua
607 1137 686 1198 capiti
703 1128 837 1198 defrinqit}
854 1134 895 1182 vel
912 1133 995 1196 potius
1014 1149 1109 1182 cornua
1126 1135 1212 1182 Rheni
1220 1131 1333 1195 sranqit.
1365 1132 1463 1179 Notum
1480 1137 1519 1178 est

381 1218 486 1266 flumine
502 1215 615 1280 gentium
631 1215 752 1263 victurum
769 1215 808 1262 ire
827 1216 944 1264 condus
953 1213 1061 1276 fractio.
1095 1211 1168 1262 Ovid.
1190 1212 1267 1260 Trist.
1282 1211 1330 1260 IV.
1347 1225 1376 1258 11.
1388 1211 1428 1257 41.
1455 1209 1519 1256 Cor-

381 1299 455 1346 nibus
472 1298 512 1346 lrie
522 1295 624 1358 sraetie
640 1297 719 1344 uiridi
734 1297 799 1344 orale
816 1299 898 1344 tectus
914 1297 947 1343 ab
963 1296 1023 1342 ulva
1050 1295 1157 1342 Decolor
1172 1294 1227 1354 ipre
1242 1307 1288 1340 suo
1308 1293 1432 1352 sanquine
1450 1291 1519 1337 Rhe·

381 1391 430 1426 nus
445 1379 504 1426 erit.
537 1375 669 1426 Cleudien.
686 1377 716 1425 dc
732 1377 814 1425 Leud.
837 1375 935 1426 Stilicb.
952 1376 975 1424 Ι.
996 1377 1053 1424 220.
1088 1376 1253 1437 Rhenumque
1270 1375 1392 1422 minacem
1427 1371 1520 1420 Corui·

382 1460 428 1506 bue
443 1457 564 1520 infractis
584 1458 645 1506 adeo
666 1458 793 1505 mitescere
808 1457 880 1518 came.
913 1456 945 1504 B.
962 1455 1049 1505 Getico
1069 1454 1219 1503 mutante
1234 1468 1280 1503 nee
1296 1455 1368 1502 clade
1382 1453 1521 1512 superbum

384 1537 552 1587 contudimus
571 1537 686 1595 Tanain,
701 1538 740 1584 vel
756 1551 851 1584 cornua
861 1536 991 1598 freqimue
1008 1537 1083 1584 Ietri.
1116 1534 1161 1583 Ab
1178 1535 1225 1582 huc
1240 1533 1351 1594 imagine
1366 1531 1466 1579 diverse
1481 1536 1522 1578 cst

382 1630 440 1666 cum
456 1616 560 1664 flumine
569 1615 660 1678 fracto
676 1619 788 1679 qurqite,
805 1619 878 1679 aquis
887 1618 988 1679 sraettr
1003 1618 1043 1666 ire
1058 1617 1182 1675 dicuntur,
1199 1617 1265 1678 quod
1280 1614 1400 1663 Horatius
1417 1613 1444 1660 in
1456 1609 1521 1660 Cer-

382 1695 490 1745 minibus
507 1695 640 1758 expressit,
658 1695 750 1744 flumen
766 1697 874 1745 minores
890 1698 987 1746 volume
997 1698 1112 1754 vortices.
1140 1697 1211 1745 Haec
1225 1695 1288 1742 benc
1298 1692 1414 1741 distinxit
1428 1692 1521 1739 Burm.

383 1775 415 1823 od
432 1775 534 1824 Petron.
553 1789 606 1838 cup.
624 1774 683 1833 123,
700 1773 843 1838 permiscuit
858 1773 948 1824 Burm.
966 1775 1094 1825 Secundus
1111 1775 1143 1822 ed
1159 1773 1303 1823 Loticbium
1318 1789 1344 1835 p.
1360 1773 1402 1824 78.

811 1952 867 1994 11.
903 1943 1040 1992 SATIRA
1061 1944 1082 1991 l.

431 2085 462 2134 P.
479 2085 519 2134 89.
558 2088 596 2134 Ut
605 2085 699 2149 fracta
719 2087 892 2135 mitterentur.
925 2087 1029 2136 'ulmeus
1050 2086 1112 2148 legit
1122 2084 1243 2148 fraqilio.
1271 2085 1432 2134 Duentacrus
1452 2083 1523 2132 eiicit

376 2165 477 2228 fracta.
510 2166 584 2215 Esset
608 2171 692 2214 sutem
707 2165 801 2229 fractu
822 2168 893 2215 mitti
913 2173 942 2214 ut
963 2166 1031 2216 Livii
1052 2165 1129 2215 XXL
1145 2166 1170 2213 8.
1187 2165 1218 2213 dc
1234 2164 1297 2212 telo:
1314 2180 1392 2226 quum
1409 2164 1524 2212 medium

381 2246 513 2308 incensum
525 2247 677 2294 mitteretur.
694 2245 766 2294 Idem
782 2245 886 2294 XXIV.
903 2245 944 2293 ut
965 2247 1165 2301 Veliternum,
1181 2259 1288 2306 quorum
1313 2245 1393 2292 telum
1407 2243 1524 2290 inhabile

383 2325 418 2371 nd
441 2325 621 2372 remittendum
636 2323 764 2386 imperitis
783 2331 827 2374 eet.
861 2325 925 2374 Erat
940 2338 1029 2388 nempe
1050 2324 1172 2386 spiculum
1193 2325 1256 2372 udco
1271 2330 1346 2371 tenue
1362 2330 1387 2370 et
1403 2327 1537 2379 acutum,-

384 2402 447 2451 ὥστε
458 2401 512 2452 κατ’
522 2402 637 2468 ἀνάγκην
654 2402 743 2462 εὐθέως
760 2403 812 2453 ἀπὸ
830 2409 876 2464 τῆς
895 2405 997 2468 πρώτης
1014 2405 1128 2469 ἐμβολῆς
1142 2404 1304 2468 κάμπτεσθαι
1327 2404 1370 2452 καὶ
1386 2403 1422 2466 μὴ
1439 2400 1524 2452 δύνα-

383 2481 444 2529 abae
459 2481 520 2538 τοὺς
537 2481 676 2546 πολεμίους
695 2481 879 2546 ἄντιβάλλειν,
895 2490 924 2532 ut
945 2483 1031 2532 scribit
1050 2482 1179 2545 Polybius.
1212 2482 1363 2532 Huiusmodi
1387 2482 1440 2530 tela
1461 2489 1524 2528 sunt

377 2559 492 2622 fraqilia
507 2575 558 2610 non
567 2561 669 2622 fractu.

432 2638 463 2686 P.
480 2640 520 2688 st.
555 2641 605 2688 Seu
614 2639 677 2700 fore
691 2643 731 2689 ita
749 2642 865 2698 iusserit,
882 2641 962 2689 exsul.
995 2640 1052 2689 Alii
1068 2640 1178 2690 edidere:
1200 2642 1298 2690 teremit.
1323 2641 1401 2697 Fors,
1426 2639 1463 2687 sic
1479 2654 1525 2702 po-

384 2717 444 2776 sits,
460 2717 542 2764 minus
559 2719 633 2766 ludit.
666 2719 742 2768 Rem
757 2718 785 2766 in
801 2718 927 2766 communi
943 2719 1075 2778 sententie,
1099 2725 1128 2767 ut
1149 2721 1231 2768 Ludit
1246 2722 1277 2768 in
1297 2721 1416 2768 humanis
1433 2721 1525 2768 diuina

383 2797 498 2859 potentio
514 2799 600 2850 rebus,
619 2799 735 2846 Fortuna
752 2798 826 2855 ludit,
843 2796 947 2846 similis:
972 2812 1022 2846 non
1041 2806 1107 2847 recte
1127 2798 1219 2862 uliquis
1234 2800 1265 2846 de
1282 2813 1308 2848 se
1324 2799 1396 2857 dicit,
1417 2799 1468 2846 nisi
1490 2813 1524 2847 ex

385 2873 493 2938 pessime
508 2875 535 2924 in
551 2874 670 2938 optimum
682 2874 846 2924 conditionem
862 2876 990 2925 translato.
1011 2876 1126 2926 Iuvenul.
1143 2877 1217 2927 Setir.
1234 2877 1286 2926 ΠΙ.
1303 2879 1343 2926 bil.
1377 2878 1476 2936 Quales
1491 2893 1525 2926 ea:

386 2955 478 3002 humili
501 2971 594 3018 maqna
614 2956 649 3003 ad
662 2955 775 3018 saetiqin
796 2971 883 3004 rerum
927 2958 1051 3016 Extollit,
1071 2958 1167 3020 quoties
1187 2959 1268 3007 coluit
1291 2960 1408 3006 Fortuna
1433 2957 1524 3005 iocari.

387 3031 520 3082 claudian.
536 3033 563 3082 in
579 3035 684 3096 Eutrop.
701 3035 723 3083 1.
742 3035 784 3082 24.
818 3037 877 3084 Hoc
893 3037 965 3097 requi
984 3037 1101 3084 Fortuna
1118 3037 1201 3085 tenes?
1217 3052 1343 3098 quaenam
1353 3037 1406 3083 ieta
1422 3034 1526 3084 mandi

388 3114 522 3164 Saevitia?
543 3115 634 3164 feceret
650 3115 801 3164 Eunuchum
819 3114 962 3165 Consulem.
978 3117 1011 3165 In
1024 3117 1116 3165 talibus
1131 3117 1197 3165 ludis
1210 3123 1248 3165 est
1263 3116 1407 3175 ridiculum,
1417 3130 1469 3164 non
1485 3124 1526 3164 est

387 3194 532 3254 ridiculum,
547 3195 637 3257 siquis
651 3195 794 3257 experietur
810 3196 950 3244 adversum.
971 3194 1106 3245 Communi
1121 3197 1270 3255 sentcntiae,
1286 3203 1315 3244 ut
1331 3197 1525 3254 diccbummon·

388 3273 457 3322 venit
473 3276 569 3333 inim,
585 3277 653 3324 velle.
675 3275 790 3324 Iuvenal.
818 3275 893 3325 Setir.
909 3276 974 3325 VII.
992 3277 1047 3328 197.
1074 3277 1105 3326 Si
1121 3279 1239 3325 Fortuna
1254 3278 1335 3333 nolet,
1349 3277 1403 3342 fiee
1421 3278 1453 3325 de
1467 3279 1526 3325 rlee-

389 3358 442 3402 tore
460 3353 562 3404 Consul.
596 3355 627 3404 Si
639 3357 703 3404 uolet
723 3356 783 3404 laec
799 3357 893 3413 cadem,
903 3355 955 3418 fiee
970 3358 1002 3404 de
1019 3355 1127 3404 Consule
1143 3357 1236 3404 rhetor.

437 3430 468 3479 P.
485 3431 526 3480 96.
560 3433 685 3481 Meritum
704 3432 860 3496 Carthaqine
876 3449 971 3483 nomen.
1003 3433 1063 3482 Non
1078 3440 1174 3482 mutem
1188 3434 1216 3482 in
1232 3436 1344 3482 motem
1377 3435 1452 3496 Quod
1467 3433 1526 3498 quis

388 3510 491 3559 meritus
507 3517 556 3570 est,
581 3511 613 3559 eb
637 3526 666 3560 eo
688 3515 806 3562 meritum
821 3513 918 3562 dicitur.
951 3514 1066 3562 Emendo
1090 3513 1132 3561 hic
1150 3513 1255 3562 Livium
1273 3512 1378 3561 XXIV.
1398 3512 1436 3560 18.
1471 3515 1525 3562 No

388 3591 458 3638 nunc
474 3592 584 3640 omniurn
600 3607 632 3640 ee
648 3593 776 3641 iuniorum
791 3594 885 3642 tabulis
901 3597 1093 3656 eempeerunt,
1110 3594 1155 3654 qui
1169 3593 1335 3654 quadriennio
1351 3607 1402 3640 non
1418 3593 1526 3640 militae-

388 3673 458 3725 sent,
474 3671 564 3730 quibiee
579 3685 658 3732 neque
673 3673 772 3719 oacafio
787 3673 855 3720 iusta
871 3674 981 3722 militiae
995 3688 1074 3736 neque
1088 3674 1190 3720 morbiue
1199 3685 1290 3721 causeo
1300 3671 1406 3734 suisset.
1438 3673 1479 3719 Et
1495 3687 1527 3720 en

388 3761 469 3808 cupra
491 3749 540 3794 duo
563 3749 647 3796 millia
671 3750 799 3796 nominum
819 3752 847 3798 in
868 3753 982 3800 aerarios
1001 3753 1086 3800 relata
1109 3753 1225 3814 tribuque
1240 3766 1325 3800 omnes
1341 3753 1410 3800 moti.
1444 3753 1525 3800 Addi-

390 3831 492 3887 tumque
515 3826 594 3874 inerti
617 3829 744 3876 certem-iae
769 3834 842 3878 notae
867 3831 941 3878 triete
962 3837 1066 3879 senatus
1090 3833 1243 3888 conuitium,
1264 3837 1295 3878 ut
1312 3833 1334 3878 ii
1348 3846 1446 3888 omnes,
1464 3846 1527 3894 quoe

388 3919 499 3953 senemr
514 3909 653 3964 notassent,
667 3908 773 3969 pedibus
788 3914 921 3965 mererent,
935 3911 1147 3972 nuttmenturque
1161 3914 1190 3957 in
1207 3911 1324 3959 Siciliam
1335 3912 1371 3958 ad
1382 3910 1527 3959 Cannensis

389 3981 515 4033 exereitus
530 3985 659 4046 reliquiae.
692 3985 745 4034 Pro
768 3987 846 4035 inerti
871 3987 898 4034 in
914 3987 1038 4051 plerisque
1054 3987 1131 4037 MSS.
1152 3995 1189 4036 est
1205 3991 1296 4046 merci,
1321 3991 1423 4046 meriti,
1449 3989 1526 4045 meri,

391 4063 522 4132 tamerici,
546 4064 632 4112 marti.
659 4063 790 4114 Facillime
813 4073 875 4130 puto
899 4074 1051 4116 correctum:
1081 4069 1245 4130 additumque
1270 4070 1376 4116 mattae
1399 4070 1529 4118 ementire

389 4146 471 4191 notae.
504 4137 558 4192 Alii
574 4143 707 4193 coniiciunt
723 4151 776 4195 tam
793 4161 909 4207 amarae,
925 4148 1047 4206 mattae,
1064 4153 1119 4195 tam
1136 4149 1257 4206 tetricae,
1283 4153 1338 4195 tam
1354 4149 1450 4206 aucei,
1472 4153 1527 4196 tam

344 4233 345 4236 ’
390 4223 465 4272 truci.

725 4375 737 4392 ν
815 4365 870 4406 11.
906 4355 1043 4406 SATIRA
1063 4358 1101 4407 ΙΙ.

440 4525 470 4572 Ρ.
487 4527 527 4574 99.
562 4531 702 4579 Austerum
718 4535 803 4582 studio
813 4533 927 4596 saliente
943 4537 1059 4585 laborem.
1088 4536 1171 4585 Labor
1187 4536 1240 4598 pilu
1248 4537 1388 4586 ludentium
1398 4535 1450 4586 noir
1460 4546 1529 4589 recte
