3542 5634
672 507 941 576 LIBERI.

647 735 858 801 SATIRA
903 740 978 804 Vll.

331 875 520 976 Proscripti
544 891 645 978 Regis
670 894 784 979 Rupili
806 918 868 980 pus
892 903 989 984 etque
1012 923 1174 968 venenum

287 993 438 1077 Hybrida
459 1015 524 1078 quo
546 1001 644 1079 pecto
667 996 712 1061 sit
734 998 865 1064 Persius
890 1000 1001 1086 ultus,
1027 1006 1141 1090 opinor

287 1096 450 1163 Omnibus
473 1102 507 1162 et
529 1097 629 1183 lippis
653 1105 769 1165 notum
793 1109 826 1166 et
849 1105 1035 1173 tonsoribus
1059 1131 1137 1175 esse.

288 1198 419 1264 Persius
443 1199 497 1266 hie
519 1222 700 1287 permagno
721 1205 854 1290 negotia
877 1207 967 1274 dives
990 1210 1132 1279 habebat
1179 1219 1182 1226 '

287 1302 512 1385 Clazomenis,
536 1304 637 1369 etiam
660 1305 736 1372 lites
767 1329 841 1372 cum
866 1310 956 1395 Rege
979 1315 1152 1401 molestas,

288 1406 399 1470 Durus
422 1406 539 1490 homo,
564 1413 662 1493 etque
685 1409 759 1475 odio
782 1411 839 1496 qui
864 1421 977 1497 posset
998 1418 1127 1486 vincere
1151 1423 1293 1509 Regem,

264 1511 463 1578 -Oonfidens
494 1512 720 1599 tumidusque,
746 1515 826 1580 adeo
849 1521 1008 1586 sermonis
1032 1525 1153 1608 amari,

288 1613 462 1697 Sisennes,
487 1615 605 1682 Barros
628 1622 667 1682 ut
690 1618 782 1702 equis
812 1629 1033 1704 praecurreret
1056 1627 1150 1694 albis.

286 1717 341 1782 Ad
364 1719 489 1803 Regem
511 1720 615 1787 redeo.
659 1724 839 1810 Postquam
863 1728 946 1802 nihil
971 1730 1057 1795 inter
1079 1728 1254 1820 utromque

287 1819 449 1887 Convenit
456 1849 518 1900 3—
532 1824 593 1890 hoc
616 1826 739 1891 etenim
763 1834 841 1894 sunt
864 1852 978 1897 omnes
1001 1833 1070 1900 iure
1093 1837 1241 1922 molesti,

288 1922 359 2002 Quo
383 1924 502 2010 fortes,
528 1927 647 2013 quibus
670 1930 843 1996 adversum
865 1934 990 2000 bellurn
1017 1937 1152 2019 incidit3
1179 1941 1265 2008 inter

288 2026 430 2093 Hectore
454 2030 643 2097 Priamiden
667 2033 852 2100 animosum
878 2043 976 2124 atque
998 2041 1085 2107 inter
1106 2044 1271 2111 Achillem

412 2224 547 2275 SATIBA
562 2227 619 2276 VH
829 2179 882 2239 less
898 2193 984 2242 Minus
1002 2197 1089 2256 fortes,
1106 2198 1197 2247 inertes
1215 2200 1283 2257 edeo,
1295 2201 1377 2251 inhoc

620 2266 625 2275 '
829 2285 921 2335 genere
935 2281 994 2322 sunt
1010 2275 1126 2326 feliciores
1138 2285 1164 2326 et
1173 2277 1294 2329 meliores.
1312 2279 1377 2330 Sunt

282 2318 421 2407 omnim
438 2361 463 2404 ee
480 2358 561 2419 lippi,
577 2364 666 2407 mmm
691 2366 716 2409 et
736 2366 789 2410 m.
829 2349 967 2413 plscebiles.
1000 2353 1118 2403 Horatius
1143 2356 1232 2405 iterum
1259 2359 1378 2409 sibinen

242 2435 342 2483 roribus
365 2449 424 2484 cere.
460 2435 556 2499 Teneq.
578 2437 659 2487 Faber
680 2439 790 2489 volebat:
829 2432 917 2493 percit.
952 2432 1014 2481 Erat
1031 2435 1098 2484 hond
1113 2435 1239 2486 itcfortis:
1256 2445 1378 2489 testentur

243 2513 315 2562 houd
329 2514 414 2576 lippit.
447 2514 575 2563 Bentleius
600 2516 704 2576 refutet,
725 2521 791 2582 quod
830 2510 951 2573 Philippii
968 2518 1021 2560 effi
1038 2512 1114 2562 fwffifl
1132 2513 1210 2573 imici,
1227 2523 1311 2565 tamen
1327 2518 1377 2581 pla·

242 2591 323 2640 multo
338 2593 438 2656 quidem
454 2601 512 2642 sunt
533 2602 606 2652 uota,
632 2602 715 2646 temen
739 2612 791 2646 non
831 2589 923 2640 cebilis.
960 2591 1112 2654 Doeringins
1136 2592 1293 2641 coniiciebst:
1321 2597 1378 2646 Hoc

243 2671 348 2734 indigns
365 2672 457 2731 relstu,
478 2681 503 2722 et
525 2673 644 2723 Horatius
661 2675 790 2738 Rupilium
831 2671 922 2720 oseem
933 2677 995 2720 sunt
1011 2686 1092 2720 omnes
1109 2686 1176 2721 more
1192 2675 1297 2723 molesti.
1328 2674 1378 2725 Sed

243 2752 344 2810 ederet,
361 2766 467 2816 eumque
483 2752 597 2801 omnibns
619 2755 723 2804 socculis
740 2763 790 2805 tre.
831 2750 873 2797 ius
889 2765 961 2814 saepe
982 2750 1056 2799 hebet
1076 2751 1280 2814 significationem
1296 2757 1377 2804 nimie

243 2831 345 2878 dueum
362 2831 471 2891 volebat,
488 2846 520 2880 ne
536 2832 604 2881 iocus
620 2833 791 2893 intercideret,
832 2829 948 2880 Facimus
965 2831 1057 2894 aliquid
1074 2845 1107 2880 ex
1123 2847 1202 2891 more,
1219 2839 1247 2880 ut
1263 2833 1378 2892 solemus,

243 2922 290 2957 uec
313 2911 398 2972 paucis
423 2918 511 2959 notum
536 2925 590 2958 esse
610 2913 702 2973 potuit,
724 2914 791 2976 quod
832 2909 902 2958 nullo
918 2911 1129 2970 contradicente,
1154 2926 1188 2960 ex
1213 2911 1313 2961 arbitrio
1334 2928 1377 2961 no-

243 2988 340 3051 publico
355 2990 383 3036 in
400 2989 529 3037 Praetorio
542 2997 706 3039 actumesset.
723 2993 793 3040 Haec
831 2994 896 3046 stro,
913 2991 969 3038 iure
984 2996 1104 3052 usurpato
1120 2997 1144 3038 et
1160 3005 1281 3040 concesso.
1311 2991 1377 3041 Oo'n·

242 3067 353 3130 profecto
376 3066 460 3115 Faber
481 3081 531 3114 non
555 3068 695 3130 cogitabat,
712 3083 792 3132 neque
833 3065 1290 3129 serenturinterpretesudFlorumI.
1307 3085 1377 3124 xvrr.

242 3145 318 3202 illud,
335 3145 402 3207 quod
418 3145 515 3194 addam.
538 3146 605 3208 Quia
621 3147 735 3195 omnibus
748 3163 791 3196 no·
865 3145 941 3192 Inter
954 3147 1069 3194 Hectora
1078 3148 1229 3195 Priamiden
1239 3151 1377 3198 animosum

242 3231 385 3280 tumeret,
407 3223 539 3281 Horatius,
560 3226 604 3289 qui
624 3226 681 3274 odio
696 3226 791 3289 Rupilii
832 3228 908 3285 arque
924 3224 991 3272 inter
1003 3223 1134 3272 Achillem.
1160 3224 1289 3274 Bentleius
1306 3228 1377 3277 vitio·

242 3304 323 3354 literis
338 3303 458 3352 mandere
480 3304 605 3367 cupiebat,
622 3305 676 3353 sine
697 3305 792 3355 offense
831 3316 888 3351 snm
909 3302 956 3351 hoc
976 3302 1093 3366 loquendi
1113 3317 1192 3366 genus
1213 3312 1237 3354 et
1254 3304 1378 3358 ἰδιωτικὸν

243 3383 358 3446 Augusti
382 3385 502 3432 mandere
525 3391 628 3447 poteret.
652 3386 721 3434 Nam
736 3386 791 3435 An·
832 3382 918 3444 magni
948 3383 1036 3432 emerit
1064 3396 1191 3446 nunquam
1216 3385 1248 3433 eb
1272 3387 1378 3437 Horatio

245 3470 332 3526 gustus
354 3477 468 3512 umerum
490 3463 567 3523 illud,
586 3468 632 3527 qui
649 3481 718 3528 reyes
735 3481 791 3516 een-
832 3460 909 3510 fuissc
924 3462 1074 3524 profectum:
1096 3463 1208 3525 quemvis
1225 3463 1302 3512 elium
1318 3467 1377 3514 scri-

243 3545 329 3593 eueris
346 3545 433 3592 tollere
447 3557 499 3591 non
514 3542 594 3592 libens
609 3545 732 3595 eudicbet.
832 3547 928 3604 ptorem
944 3543 1012 3590 inter
1028 3541 1104 3590 semel
1123 3547 1220 3591 tuntum
1237 3558 1340 3607 ponere;
1356 3547 1378 3594 si

276 3623 368 3671 Etiam
395 3623 453 3671 litet
485 3637 543 3672 oum
570 3623 640 3685 Repe
664 3624 790 3674 molestae.
832 3620 870 3670 bis
880 3622 917 3670 ite
926 3621 1035 3685 ponitur,
1047 3637 1099 3670 non
1109 3622 1189 3685 magis
1199 3623 1231 3671 eb
1244 3638 1378 3688 usuqusm

243 3700 568 3751 Verumexistimoretr'cm
579 3689 703 3752 litescunt
712 3704 790 3766 Rece-
831 3701 960 3752 cretione
980 3703 1105 3752 recedere:
1129 3703 1230 3752 tandem
1250 3703 1325 3752 refert
1346 3705 1378 3753 ed

243 3781 369 3839 emicem,
394 3781 488 3828 Dum
513 3781 583 3829 henco
607 3795 643 3846 sq.
677 3781 791 3832 Habebat
830 3781 1015 3840 Hebrsismum,
1025 3795 1098 3846 quem
1108 3781 1271 3845 Septuaginta
1279 3797 1378 3847 expres-

242 3874 380 3923 permsgns
404 3859 506 3922 negotio
521 3857 688 3921 Clazomenis,
714 3863 790 3911 etiem
830 3860 915 3918 serint,
933 3876 957 3908 v.
973 3875 994 3909 c.
1012 3860 1063 3910 ἀνὰ
1078 3859 1157 3924 μέσον
1173 3861 1218 3910 τοῦ
1236 3863 1319 3925 φωτὸς
1335 3865 1377 3912 καὶ

243 3937 350 3987 habebnt
358 3951 508 4002 permagnus
517 3938 573 3988 lites
583 3954 641 3988 cum
648 3941 729 4004 Rege:
738 3957 790 3991 mo·
831 3938 884 3988 ἁνὰ
899 3937 978 4003 μέσον
988 3941 1034 3989 τοῦ
1044 3939 1162 3999 σκότους,
1179 3939 1245 4000 qnod
1256 3939 1376 3989 Latinum

241 4016 326 4075 lestus‚
343 4018 421 4066 durus
437 4018 520 4066 homo.
552 4019 675 4068 Molestus
691 4033 790 4083 quoqne
830 4017 990 4080 interpretem
1006 4017 1113 4066 noluisse
1129 4017 1210 4066 dicere
1222 4020 1290 4068 inter
1299 4023 1377 4072 lucem

242 4098 317 4145 homo
341 4104 395 4146 erat
418 4098 532 4146 immicus
557 4097 631 4146 illius.
668 4097 789 4148 Horatius
830 4102 855 4145 et
879 4098 948 4144 inter
965 4099 1093 4154 tenebras,
1118 4103 1202 4158 utpote
1219 4097 1310 4148 Latino
1326 4115 1376 4150 ser·

242 4191 279 4225 vs.
299 4177 337 4226 10.
355 4183 489 4240 utrumque
504 4183 577 4225 vocet
593 4179 731 4226 molestum.
830 4187 903 4222 mone
919 4171 1035 4222 alienum.

275 4257 334 4306 Hoc
349 4257 789 4306 etmiensuntmmoeiuremolerii-
862 4251 903 4300 De
928 4253 1027 4300 ratione
1051 4251 1176 4313 disputare
1197 4254 1260 4303 nihil
1280 4257 1374 4308 attinet.

242 4335 348 4384 Ironiee.
372 4335 444 4383 Idem
461 4335 500 4384 ins
519 4335 623 4391 hebent,
639 4335 726 4383 saltem
743 4335 789 4383 sibi
831 4331 859 4382 Si
880 4332 1010 4394 scriptores
1036 4333 1151 4395 probatae
1178 4335 1319 4386 Latinitatis
1340 4340 1376 4388 sio

241 4420 359 4470 sumunt,
375 4413 442 4476 quod
458 4412 543 4472 fortes,
559 4419 588 4460 ut
603 4413 654 4460 sint
674 4413 788 4475 implices
829 4412 975 4476 loquuntur,
1001 4411 1111 4475 seqnitur
1131 4426 1172 4462 eos
1193 4414 1256 4463 nihil
1281 4417 1306 4466 in
1329 4418 1375 4468 hec

242 4492 310 4542 biles.
344 4492 463 4548 Faciunt,
480 4492 546 4555 quod
563 4491 657 4540 Hector
666 4498 691 4539 et
703 4492 788 4541 Achil·
807 4512 810 4521 ·
831 4491 910 4540 forma
934 4492 1134 4555 deprehendisse,
1157 4495 1223 4556 quod
1244 4496 1308 4545 retio
1324 4511 1375 4546 non
