3542 5634
646 550 829 615 LIBER
874 549 917 612 ΙΙ.

263 739 392 806 Gaudia
412 737 604 825 prodentem
624 739 755 803 vultum
782 737 894 802 celare.
943 732 1135 817 Sepulcrum

263 843 464 910 Permissum
486 843 619 909 arbitrio
643 843 714 908 sine
734 841 883 907 sordibus
903 841 1048 903 exstrue:
1072 834 1173 899 funus

263 946 402 1033 Egregie
426 947 552 1013 factum
575 947 688 1014 laudet
704 944 833 1010 vicinia
882 940 1012 1026 Siquis

263 1051 360 1116 Forte
381 1052 574 1117 coheredum
596 1051 703 1142 senior
725 1049 811 1114 maie
833 1045 970 1127 tussiat,
1002 1042 1079 1109 huic
1101 1047 1140 1106 tu

263 1155 342 1238 Die,
366 1177 406 1221 ex
430 1161 522 1242 parte
543 1162 616 1239 tua,
634 1176 692 1220 seu
714 1152 808 1219 fundi
828 1151 897 1217 sive
919 1149 1035 1213 domus
1055 1145 1101 1211 sit

261 1257 395 1341 Emtur,
420 1259 617 1345 gaudentem
637 1278 772 1323 nummo
792 1261 824 1322 te
845 1253 1001 1319 addicere.
1017 1286 1063 1299 -
1081 1247 1145 1316 Sed
1167 1267 1221 1311 me

262 1362 441 1448 Imperiosa
465 1363 567 1428 trahit
592 1361 801 1448 Proserpina:
821 1359 897 1425 vive
915 1356 1085 1441 valeque.“

218 1543 314 1593 vultum
339 1545 423 1594 velare
447 1544 538 1594 lacinia
561 1545 648 1604 vestis,
676 1549 701 1594 et
725 1547 761 1594 sic
799 1564 895 1599 ommm
911 1551 1044 1614 {mammem
1060 1551 1247 1608 ccruunuieeet,
1261 1551 1348 1614 patria

217 1625 330 1674 lacrimas
347 1625 477 1684 simulare,
494 1627 565 1690 quasi
580 1641 649 1675 more
664 1627 713 1674 rivi
728 1641 761 1676 ex
801 1631 882 1692 tpeiuc
898 1631 997 1679 cattum
1013 1631 1118 1689 celauit,
1134 1645 1205 1694 quun
1215 1631 1288 1693 dipae
1298 1645 1347 1679 aon

217 1705 293 1754 oculis
309 1705 400 1766 fluant;
424 1707 484 1754 dum
496 1706 762 1770 lacrimariteputant,
801 1714 903 1772 poterat
929 1710 1063 1758 ostendere.
1100 1708 1203 1759 curum
1230 1708 1279 1757 IV.
1307 1707 1345 1757 10.

216 1792 244 1833 tu
259 1785 287 1833 in
302 1785 361 1833 sinu
377 1784 476 1835 ridebis.
509 1786 549 1834 Ita
566 1786 672 1836 Sabinus
682 1786 761 1848 Epist.
804 1787 898 1850 Capite
913 1790 994 1837 uelato
1009 1790 1054 1837 diu
1064 1788 1154 1851 fleuit,
1176 1789 1347 1837 maumtibw·

177 1921 179 1930 Ι
216 1862 237 1911 Ι.
256 1865 311 1913 124.
330 1870 360 1912 ta
373 1879 459 1926 preme
474 1867 561 1915 tollere
571 1867 721 1922 Laetitiam,
737 1871 763 1913 et
801 1881 848 1928 que
877 1868 961 1917 adbuc
986 1868 1111 1925 lacrimis,
1143 1872 1209 1917 cette
1240 1868 1272 1915 ab
1303 1881 1347 1914 ore

217 1945 293 1994 tacito
309 1947 404 2008 paedia
421 1947 496 1995 carde
510 1949 577 1994 atum
612 1945 654 1997 Sic
671 1945 762 2009 gaudia
801 1946 902 2003 reiecta,
919 1948 955 1994 ad
968 1949 1061 1996 coelum
1077 1961 1167 1994 manua
1182 1948 1294 2004 tendens,
1310 1946 1347 1993 iu·

216 2031 240 2073 te
263 2039 315 2072 non
336 2026 447 2088 prodent.
479 2026 608 2074 Lacrimae
627 2040 699 2088 saepe
719 2040 761 2074 vo-
801 2026 864 2086 qutt,
897 2024 992 2074 Vultus
1012 2026 1048 2074 ita
1071 2027 1182 2085 celatur,
1207 2039 1259 2073 non
1282 2025 1347 2073 ceta-

215 2101 293 2152 lantes
310 2110 370 2152 eunt
386 2118 435 2166 qua
449 2105 486 2153 ire
501 2105 624 2154 iubentur.
649 2105 761 2154 Iuvenal.
803 2110 857 2162 tur,
875 2105 942 2168 qnod
957 2106 1040 2154 minus
1056 2112 1122 2153 recte
1138 2105 1274 2160 diceretur,
1293 2102 1343 2152 nisi

217 2182 291 2234 satir.
309 2183 426 2236 vim.
449 2185 572 2233 Uberibus
582 2186 761 2248 tempertacrr'·
801 2184 885 2232 addita
901 2190 974 2233 uerte.
1006 2184 1042 2233 Ut
1058 2182 1131 2233 Ovio.
1148 2183 1346 2234 saevitur

216 2265 263 2312 mia
287 2277 433 2326 semperque
455 2268 557 2325 paratis
594 2265 629 2312 In
653 2265 762 2313 uatium
800 2266 887 2312 cultus
907 2265 1028 2313 uetarmm
1052 2265 1124 2314 celat.
1157 2262 1246 2313 Graeci
1270 2263 1345 2327 ἐγκα-

214 2358 274 2401 rua,
290 2349 368 2406 atque
383 2345 586 2404 exspectantibus
601 2343 685 2400 uuna,
705 2343 761 2401 Quo
800 2342 952 2405 λύπτεσθαι,
969 2350 994 2392 et
1010 2343 1241 2408 συγκαλύπτεσθαι,
1258 2348 1287 2390 ut
1303 2342 1345 2406 ἐγ-

216 2423 320 2472 iubeant
335 2436 439 2472 nranare
454 2423 532 2470 modo.
565 2420 761 2484 Saepeenntin·
801 2422 980 2487 καλυψάμενος
995 2421 1086 2484 ἔκλαιε,
1102 2421 1187 2485 qualia
1202 2421 1346 2484 interpretes

216 2501 294 2561 ritae,
311 2509 336 2550 et
351 2502 396 2550 vix
413 2501 439 2550 vi
455 2507 559 2550 coactae.
587 2501 688 2549 Terent.
709 2501 761 2548 En·
800 2502 906 2550 attulere
930 2503 962 2549 ad
986 2501 1067 2550 Marci
1090 2501 1189 2563 Euaug.
1212 2498 1288 2549 XIV.
1305 2499 1345 2551 72.
1406 2548 1409 2556 ,

216 2583 290 2632 nuch.
307 2584 329 2632 I.
350 2597 368 2632 1.
384 2583 425 2632 22.
449 2599 513 2642 uua,
539 2583 669 2639 mehercle,
688 2581 762 2644 fulua
800 2581 852 2630 Pro
868 2583 953 2630 uetare
967 2578 1345 2644 vultum,caput,diciturqu0-

217 2665 365 2722 lacrimula,
393 2664 476 2722 Quam
496 2663 578 2711 oculm
594 2662 695 2710 terendo
715 2663 760 2709 mi·
800 2675 849 2724 que
865 2663 1001 2717 obvolvere,
1029 2660 1133 2722 operire
1167 2657 1240 2718 Quod
1263 2673 1287 2708 v.
1323 2672 1344 2705 c.

214 2758 280 2803 aere,
297 2745 342 2792 via
357 2744 553 2805 uicapreesertt.
579 2741 658 2805 Saepe
667 2746 762 2804 negant
801 2740 899 2789 Plinius
927 2739 1024 2804 scripsit
1044 2741 1142 2788 cultum
1168 2739 1273 2794 vetavit,
1300 2737 1346 2785 hoc

216 2823 262 2880 irs,
285 2823 352 2886 quod
373 2821 481 2870 Tiresias
503 2821 529 2869 in
546 2820 637 2884 Ulyssa
653 2825 761 2868 veretur.
802 2819 889 2870 Cicero
906 2821 933 2868 in
950 2821 1055 2872 Oratore
1071 2820 1102 2866 ad
1118 2817 1346 2880 Brut.22cxpree·

215 2901 267 2952 Fac
283 2917 356 2966 ergo,
372 2901 420 2959 ait,
441 2901 512 2964 quasi
528 2899 636 2948 ubertim
652 2906 721 2957 eant,
737 2903 762 2948 ct
801 2900 845 2949 sit:
869 2902 954 2964 putor
980 2900 1154 2950 obvolvendum
1175 2904 1253 2961 caput
1279 2896 1346 2960 Apa·

215 2982 317 3030 vultum
333 2980 402 3037 vela,
424 2980 490 3042 q1¹0d
511 2978 591 3026 &⁰010
606 2977 698 3034 ⁸01e¹1ir
719 2977 762 3040 qui
801 2983 937 3029 memnonia
953 2994 1002 3028 eece
1017 2980 1090 3026 cidit.
1123 2977 1212 3025 Horat
1224 2975 1299 3026 satir.
1310 2977 1347 3025 II·

215 3075 276 3111 vero
292 3067 317 3108 et
333 3058 428 3122 ingenti
440 3057 523 3104 dolere
534 3055 615 3104 affecti
626 3055 694 3103 flent.
710 3055 761 3103 No
800 3073 840 3108 111.
857 3059 898 3111 37.
915 3074 971 3106 cum
986 3058 1072 3105 vetlem
1088 3058 1189 3104 mutere
1199 3061 1284 3118 operto
1301 3055 1347 3104 Me

214 3148 271 3191 tum
285 3146 322 3188 est
338 3138 399 3186 illud
417 3137 581 3199 Euripideum
600 3135 682 3199 Iphig.
699 3134 761 3185 Aul.
801 3137 884 3200 capite
899 3137 928 3183 ia
938 3135 1044 3197 sternam.
1077 3133 1150 3193 Quod
1175 3131 1285 3182 Graecus
1309 3130 1346 3180 in·

216 3219 296 3270 lete:
318 3217 428 3282 ἔμπαλιν
445 3215 556 3280 στρέψας
577 3213 644 3280 κάρα
659 3211 762 3280 Δᾶκρυα
801 3223 895 3279 terpres
911 3214 947 3264 H.
965 3214 1072 3276 Regum.
1099 3212 1137 3260 19.
1154 3211 1178 3259 4.
1195 3209 1209 3259 ὁ
1225 3209 1347 3273 βασιλεὺς

214 3300 341 3363 προῆγεν,
347 3292 467 3360 ὀμμάτων
477 3293 579 3344 πέπλον
588 3295 763 3362 προὲεἱςεΡίί-
802 3295 892 3361 ἔκρυψε
908 3295 936 3343 rb
955 3292 1094 3358 πρόσωπῠν
1109 3291 1189 3338 αὐτοῦ
1206 3288 1283 3347 dixit,
1298 3288 1346 3338 hoc

215 3381 273 3428 niue
282 3375 315 3425 H.
321 3376 354 3424 N.
363 3375 479 3424 XXXV.
488 3377 525 3425 10.
533 3375 563 3422 de
572 3373 713 3433 Timanthe,
721 3375 764 3438 qui
803 3381 868 3424 recte
884 3373 1005 3422 Latinus:
1023 3370 1122 3433 operuit
1138 3375 1217 3432 caput
1232 3383 1314 3417 cuum

215 3455 765 3525 pinxeratIphigeniamzquostarrteadurua
837 3451 1002 3503 Doderiinus:
1020 3447 1065 3508 „Si
1081 3446 1195 3511 paullum
1212 3451 1281 3510 potes
1291 3445 1346 3494 illa·

220 3541 353 3604 peritura,
377 3549 433 3583 cam
457 3539 561 3582 maeatae
575 3534 700 3595 piaciaeet
716 3549 765 3583 am·
805 3533 918 3590 crimare,
935 3529 1066 3578 illacrima!
1084 3531 1240 3590 namqueest
1256 3524 1347 3589 gaudia

215 3635 270 3677 nee,
290 3617 425 3680 praecipue
439 3617 577 3676 patruum,
596 3617 621 3660 et
643 3611 768 3664 tristitiae
798 3606 943 3678 prodentem
959 3609 1060 3660 vultum
1076 3606 1157 3656 celare
1171 3605 1347 3656 herinando.“

696 3769 860 3797 -000-

622 3905 838 3974 SATIRA
883 3905 940 3969 vt.

263 4056 348 4137 Hoc
364 4074 433 4135 erat
453 4069 488 4133 iu
512 4067 615 4144 votis:
640 4065 757 4130 modus
780 4063 851 4149 agri
873 4085 940 4128 non
965 4061 1014 4127 ite
1034 4082 1192 4144 mugnus,

264 4173 388 4238 Hortus
412 4172 470 4238 ubi
489 4176 523 4237 et
540 4175 626 4236 tecto
649 4169 777 4235 vicinus
800 4165 888 4252 iugis
902 4185 1005 4250 aquae
1027 4163 1119 4245 fons,

265 4275 310 4340 Et
330 4276 479 4362 paullum
496 4275 597 4341 silvae
615 4294 711 4357 super
731 4271 783 4337 his
801 4270 894 4334 foret.
941 4265 1080 4332 Auctius
1104 4271 1202 4351 atquc

804 4410 946 4474 exemplum
968 4408 1133 4459 Ruhnkenius
1153 4407 1244 4454 addere
1259 4405 1351 4467 potuis·

390 4446 527 4497 suumn
543 4445 591 4494 VI·
804 4491 970 4555 utruque
982 4484 1349 4551 corregnauvurraurcrr.

254 4541 318 4626 M
311 4579 372 4628 adm
384 4580 500 4643 aprinum
521 4578 560 4626 itu
571 4588 683 4639 mapaue.
706 4573 761 4624 Hoc
805 4573 845 4625 73.
854 4586 971 4634 maurium
981 4569 1078 4619 modum
1090 4566 1212 4630 teutonum
1222 4564 1352 4629 effecerat.
