3542 5634
652 555 836 620 LIBER
881 555 906 620 Ι.

258 745 323 810 Sed
347 749 457 810 tamen
480 749 590 810 amoto
615 765 807 829 quaeramus
831 743 915 809 seria
937 743 1023 808 lude.

257 847 335 929 Ille,
358 869 492 931 gravem
516 847 596 912 duro
622 853 741 912 terram
766 847 822 932 qui
844 847 944 912 vertit
968 849 1088 918 aratro:

257 949 405 1014 Perfidus
429 950 483 1016 hic
502 971 622 1035 caupo,
646 950 760 1032 miles,
784 953 985 1034 nautaeque,
1010 970 1067 1033 per
1091 969 1187 1012 omne

246 1151 352 1199 Terram
373 1152 418 1213 qui
433 1154 510 1200 vertit
534 1157 629 1200 aratro.
664 1151 758 1199 Meine-
800 1149 974 1213 reprchendat,
991 1149 1034 1212 qui
1050 1148 1350 1196 suasortenonoontenti

210 1229 268 1276 kius
285 1231 429 1278 annotavit:
447 1231 495 1288 „ad
511 1230 611 1279 Horatii
627 1238 706 1278 artem
716 1232 760 1294 qui
800 1229 901 1288 vivunt,
918 1229 961 1276 sed
978 1228 1077 1276 diversa
1093 1232 1221 1290 sequentes
1237 1227 1351 1274 laudant.

208 1309 351 1368 attenderit,
368 1309 435 1358 haud
452 1309 556 1367 inritus,
573 1310 659 1366 credo,
675 1324 758 1358 conce-
799 1308 869 1369 Ergo
885 1307 951 1354 idem
968 1309 1106 1364 consultus,
1123 1305 1144 1352 si
1160 1305 1230 1353 Deus
1247 1303 1350 1354 faculta-

207 1388 251 1435 det
271 1387 427 1435 scribendum
449 1402 501 1436 esse
523 1390 588 1438 duro
603 1390 647 1452 qui
663 1394 758 1436 imum
798 1393 848 1434 tem
868 1387 934 1434 vitae
956 1387 1088 1434 mutandae
1108 1383 1212 1443 tribuat,
1232 1383 1279 1432 sibi
1299 1399 1350 1433 non

209 1468 287 1514 cmiii
303 1473 399 1514 aratro.
433 1466 488 1514 Hac
509 1467 575 1515 enim
597 1480 758 1515 numerorum
798 1464 878 1527 magis
899 1471 1005 1523 constat,
1027 1479 1103 1528 quam
1123 1463 1208 1520 miles,
1229 1470 1350 1510 mercator

207 1543 400 1593 ‹musormatione
409 1545 527 1594 Horatius
534 1559 592 1593 cum
601 1545 663 1593 alias
672 1559 757 1608 saepe,
799 1550 824 1591 et
839 1544 952 1591 rusticus.
986 1542 1103 1600 Nolebat‚
1122 1543 1187 1605 quod
1203 1542 1271 1604 prius
1283 1549 1349 1604 opta·

208 1630 262 1670 tum
279 1624 305 1670 in
322 1638 349 1672 re
365 1625 444 1672 ardua
460 1631 485 1672 et
500 1623 596 1671 difficili
618 1631 759 1672 constanter
799 1628 844 1671 rat.
878 1621 935 1670 Alii
951 1635 1112 1684 personarum
1128 1620 1290 1668 mutationem
1307 1634 1350 1668 ex-

209 1701 312 1749 utitnr.“
349 1702 441 1750 Libens
466 1702 594 1750 assentior.
632 1703 667 1750 Es
691 1702 759 1750 dictu
799 1702 887 1764 emplis
904 1701 1049 1759 defenduut,
1066 1709 1091 1749 et
1107 1706 1240 1762 provocant
1256 1701 1288 1747 ad
1302 1700 1349 1748 Er·

209 1779 352 1828 incredibile
368 1787 418 1838 est,
433 1795 509 1844 quam
526 1794 599 1843 saepe
609 1779 705 1828 librarii
716 1795 758 1828 vo
799 1789 897 1830 nestum
914 1783 940 1830 in
958 1782 1049 1845 Opnsc.
1067 1780 1162 1830 Philol.
1180 1779 1242 1829 Crit.
1255 1795 1279 1842 p.
1293 1779 1347 1828 131.

208 1857 296 1906 cabula
313 1860 339 1906 in
357 1859 445 1909 Satiris
461 1860 528 1908 male
549 1859 758 1922 transposuerint,
799 1862 830 1909 de
856 1867 929 1924 grata
955 1861 1110 1924 negligentia
1131 1859 1249 1908 orationis
1274 1859 1349 1907 disse·

209 1951 287 1996 nunc,
310 1946 339 1986 ut
357 1946 465 1986 metrum
484 1938 592 1987 facerent
611 1938 773 2000 elegantius,
799 1946 901 1988 rentem.
934 1941 974 1990 Ne
994 1941 1087 1997 dicam,
1108 1939 1248 1988 huiusmodi
1270 1938 1349 2001 negli-

208 2031 275 2064 nunc
296 2024 324 2064 ut
347 2018 494 2065 sententiam
519 2017 662 2075 clariorem,
692 2030 758 2064 nune
799 2020 909 2080 gentiam
925 2017 1251 2082 nonessegratam,qualis
1260 2016 1351 2078 smmc

208 2094 264 2143 aliis
284 2097 315 2143 de
335 2097 437 2144 caussis.
471 2097 594 2144 Perverse
615 2095 656 2142 isti
677 2069 758 2143 stridio
798 2098 921 2158 aepheta,
938 2112 1009 2161 quae,
1026 2097 1106 2145 iudice
1118 2096 1221 2153 Ovidio,
1231 2095 1297 2142 viros
1309 2095 1350 2142 de·

208 2174 297 2221 deinde
308 2176 410 2222 accessit
419 2188 536 2237 perversa
546 2173 709 2221 recentiorum
721 2174 758 2220 in·
798 2181 847 2232 cet,
868 2175 989 2224 Ernestus
1012 2175 1089 2233 utitur
1102 2175 1249 2224 auctoritate
1266 2173 1350 2222 Xeno-

207 2260 343 2314 terpretum
366 2257 439 2312 cura,
455 2262 484 2301 ut
500 2269 524 2302 v.
540 2267 561 2302 c.
579 2251 757 2314 Cuninghami.
798 2253 896 2314 phontis
919 2261 943 2302 et
959 2254 1068 2304 Maximi
1090 2254 1177 2316 Tyrii,
1200 2253 1242 2315 qui
1267 2252 1349 2314 legem

208 2331 275 2380 Vide
292 2331 332 2379 vel
350 2347 386 2380 vs.
396 2332 420 2380 5.
429 2333 508 2380 maim
516 2334 568 2379 ium
571 2331 694 2392 fractus:
712 2332 757 2380 hoc
798 2343 848 2378 non
863 2331 1039 2389 observarunt,
1059 2333 1195 2380 secundum
1215 2347 1290 2394 quam
1307 2347 1349 2380 an·

209 2409 253 2457 ille
268 2411 378 2473 corrupit
394 2412 420 2459 in
429 2413 509 2459 multo
511 2410 618 2472 fructus
626 2411 685 2458 ism.
703 2411 757 2458 Ad·
798 2410 933 2458 tecedentia
950 2412 1128 2458 sentcmiarum
1139 2417 1164 2458 et
1174 2411 1348 2473 consequentia

208 2487 337 2536 monitioni
349 2488 523 2537 Meinekianae
536 2488 676 2535 addendum
690 2497 757 2552 puto,
798 2487 845 2535 sibi
862 2496 974 2538 accurate
991 2490 1140 2552 respondere
1161 2488 1257 2538 debent.
1293 2489 1348 2537 Iam

209 2567 341 2615 Horatium
358 2574 383 2615 et
398 2568 502 2629 optimos
515 2568 598 2628 pietas
612 2566 756 2617 istanume·
798 2565 938 2630 Xenophon
969 2569 995 2616 in
1020 2567 1222 2631 consequentibus
1253 2575 1349 2616 mutum

208 2658 292 2691 rorum
321 2645 512 2694 conformatione
541 2653 680 2694 constanter
704 2662 757 2696 esse
797 2648 889 2695 omittit
905 2647 1070 2696 citharistam:
1096 2662 1146 2696 non
1166 2654 1247 2695 mutat
1267 2662 1349 2709 perso-

208 2737 278 2781 nsos,
294 2726 315 2772 si
337 2739 411 2773 sonus
436 2740 532 2788 quoque
556 2725 706 2782 admitteret,
728 2733 757 2774 ut
796 2741 863 2774 narn.
898 2727 970 2774 Max.
983 2728 1077 2790 Tyrius
1094 2727 1185 2776 omittit
1202 2726 1348 2789 gubernato·

146 2794 149 2797 ’
208 2803 308 2851 admisit
318 2803 493 2854 Sat.1.1v.2o‚
510 2807 594 2867 Usque
605 2806 756 2863 laborantes,
797 2820 850 2854 rem
866 2806 950 2865 navis,
972 2807 1056 2855 adiicit
1076 2807 1194 2854 rusticum
1211 2813 1236 2854 et
1249 2819 1349 2855 oecono-

209 2885 268 2930 dum
284 2882 388 2944 ferream
405 2884 502 2931 molliat
517 2884 588 2944 ipsis.
618 2883 653 2930 Et
669 2882 755 2931 hocli-
796 2898 874 2932 mum.
897 2883 946 2934 Sed
955 2885 1067 2947 apodosis
1076 2885 1110 2932 ibi
1120 2885 1222 2933 fortasse
1231 2885 1303 2932 aliter
1311 2885 1348 2933 in·

208 2961 426 3019 brariimutarunt,
431 2960 563 3009 scribentes
570 2979 576 3009 :
575 2961 680 3023 ferrum
689 2964 756 3012 dum.
797 2964 866 3010 stitui
873 2971 960 3026 potest,
973 2965 1014 3012 vel
1025 2965 1101 3027 accipi
1112 2965 1251 3012 coniectura
1262 2965 1348 3012 Mark-

208 3043 281 3103 Quod
294 3040 373 3090 eidem
382 3039 756 3101 Cuniughamoplacerepotnit.
797 3039 874 3088 laudi.
910 3040 1043 3090 Praeterea
1060 3041 1155 3091 Graeca
1177 3042 1292 3104 exempla
1308 3043 1349 3092 hic

242 3121 364 3182 Perfidus
382 3120 422 3166 iric
438 3132 525 3178 caupo.
559 3117 622 3178 Quis
638 3116 707 3165 locus
724 3119 774 3174 sit¹
797 3120 881 3167 minus
906 3118 998 3168 faciunt
1025 3121 1056 3168 ad
1077 3120 1249 3182 explicandam
1271 3121 1347 3168 talem

207 3201 326 3262 cauponi,
352 3212 402 3246 nou
427 3196 548 3259 intelligo.
591 3197 756 3254 Mercatura,
797 3199 986 3261 negligentiam.
1020 3198 1048 3249 Si
1070 3200 1191 3247 Ernestus
1209 3213 1241 3247 ex
1258 3200 1349 3248 Latino

207 3279 314 3335 milites,
330 3278 416 3326 rustici
432 3284 491 3324 sunt
507 3276 623 3324 honestae
639 3275 756 3324 conditio
798 3279 929 3340 scriptore,
946 3293 969 3326 v.
988 3291 1008 3327 c.
1026 3293 1059 3326 ex
1076 3278 1194 3328 Cicerone
1211 3293 1268 3336 suo,
1285 3287 1347 3329 attu-

208 3358 261 3414 nis,
277 3370 482 3419 numerosamque
498 3355 627 3403 hominnm
644 3353 757 3410 classem,
797 3356 867 3404 iisset
892 3356 973 3406 simile
997 3357 1104 3418 aliquid,
1128 3357 1218 3406 melius
1244 3359 1346 3410 fecisset.

208 3443 305 3499 praeter
325 3436 400 3495 alias,
417 3436 574 3484 constituunt
606 3433 690 3493 Quare
706 3431 757 3481 Ηο.
798 3434 848 3482 Vel
867 3436 902 3483 sic
918 3442 1002 3484 tamen
1018 3437 1050 3484 lis
1066 3443 1164 3484 tantum
1179 3437 1224 3485 lite
1240 3438 1346 3486 resolve-

207 3516 285 3563 ratius
302 3514 417 3576 exempla
433 3527 531 3569 eornm,
556 3512 599 3574 qui
623 3526 669 3558 sua
693 3517 758 3558 sorte
798 3520 872 3561 retur.
907 3515 940 3563 Et
956 3530 1048 3577 caupo,
1069 3515 1214 3577 praesertim
1226 3517 1347 3578 pertidus»

207 3609 258 3642 non
274 3594 381 3642 contenti
397 3599 468 3649 sunt,
485 3590 585 3640 axillis
602 3591 668 3638 vitae
684 3604 757 3652 gene·
797 3591 857 3639 alibi
874 3593 1012 3655 appellatus
1039 3595 1176 3656 mulipnus,
1199 3593 1239 3641 hic
1263 3595 1346 3642 iocum

207 3672 276 3720 ribus
302 3671 372 3734 legit.
414 3671 446 3719 In
471 3685 507 3718 rs.
533 3671 557 3718 4.
579 3684 616 3732 sq.
642 3668 757 3730 exempla
797 3671 862 3719 tueri
877 3686 928 3720 non
944 3678 1029 3734 potest.
1051 3673 1156 3720 Interim
1173 3673 1256 3721 omnia
1267 3673 1345 3724 MSS.

207 3751 307 3809 militis,
329 3751 480 3808 mercatoris,
497 3749 582 3797 rustici
599 3755 623 3796 et
639 3747 757 3796 iuriscon·
797 3750 824 3798 in
844 3751 892 3798 ista
916 3751 1019 3799 lectione
1041 3751 1195 3813 conspirant,
1216 3752 1264 3800 nisi
1280 3755 1345 3816 quod

207 3831 268 3878 sulti
284 3832 422 3894 proposuit:
447 3831 474 3878 in
499 3845 534 3878 vs.
564 3829 601 3877 15.
618 3843 653 3890 sq.
672 3828 757 3875 eadem
797 3831 919 3878 nonnulla
934 3831 1051 3892 praebent
1068 3846 1162 3892 cumpo.
1195 3831 1346 3895 Interpretes

208 3911 316 3972 repetiit,
333 3912 391 3968 cru,
408 3916 437 3958 tu
454 3912 523 3958 nudo
540 3910 757 3972 milesmercuicr,
797 3909 873 3957 variis
889 3910 1035 3958 coniecturis
1052 3917 1153 3958 cenant.
1180 3913 1347 3974 Percipilhic

209 3996 238 4038 tu
263 3991 391 4037 consultus
415 3990 493 4043 modo,
518 3989 638 4036 rusticiu.
673 3986 757 4046 Quare
797 4003 885 4050 campo
909 3990 986 4036 miles.
1029 3989 1150 4050 Perfidus
1178 3990 1218 4037 hic'
1242 4005 1346 4052 cumpo,

208 4081 275 4116 nnnc
285 4082 330 4130 pro
338 4069 450 4116 consulto
458 4068 597 4116 induxisset
607 4069 757 4128 cauponem?
797 4069 874 4116 miles.
902 4069 1026 4115 Fert-idus
1035 4069 1063 4114 iu
1074 4081 1167 4128 cumpo,
1180 4069 1256 4116 miles.
1279 4070 1344 4116 Per·

209 4148 295 4205 Poeta,
312 4147 405 4203 dicunt,
419 4148 544 4196 cmtsultos
554 4159 654 4208 carpere
664 4145 757 4203 noluit,
791 4147 865 4210 fidus
881 4147 922 4194 hic
932 4151 1028 4195 cautor.
1059 4145 1176 4193 Callidus
1193 4147 1232 4195 lu'c
1249 4152 1349 4198 cautor.

208 4242 266 4275 cnm
284 4227 428 4289 praesertim
450 4239 500 4273 non
518 4224 582 4272 lucri
598 4225 642 4273 sed
658 4224 758 4273 honoris
800 4225 1197 4287 Camsidicusvcferhicmrilea
1229 4226 1345 4289 Apitzius

209 4314 234 4354 et
244 4305 357 4354 utilitatis
374 4319 460 4353 caussa
471 4305 502 4352 de
512 4305 566 4352 inre
576 4304 758 4366 responderent
797 4304 884 4352 laudat
910 4301 1012 4351 Obbarii
1043 4305 1165 4352 Persicus
1196 4305 1235 4354 dic
1259 4320 1346 4371 cumpo

210 4386 296 4443 Tunc,
323 4385 407 4441 credo,
431 4383 531 4432 nomine
556 4389 606 4430 tam
631 4383 759 4446 praeclaro
799 4385 881 4433 miles:
900 4383 951 4446 ipse
967 4383 1028 4446 legit
1046 4383 1169 4446 Pcrficus.

209 4479 309 4526 prorsus
317 4463 439 4512 emanere
449 4463 573 4511 debuerat.
600 4462 758 4524 Quidiquod
832 4462 889 4526 Ego
909 4462 1012 4510 conieci:
1046 4463 1172 4524 Respousi
1191 4464 1232 4512 hic
1253 4479 1346 4528 caupo,

209 4545 351 4592 consultum
376 4542 426 4590 iam
448 4542 475 4589 in
496 4542 615 4605 principio
636 4543 758 4591 intereos
800 4545 883 4600 miles,
899 4549 1046 4605 acutaeque.
1080 4541 1161 4604 Quam
1177 4545 1303 4606 proprium
1315 4545 1346 4594 sit
