3542 5634
421 545 484 607 130
810 537 1159 605 SATIRARUM

469 728 528 793 Dis
552 727 673 793 etenim
696 725 791 791 facile
815 727 892 789 est“
926 725 1052 789 orabat:
1084 746 1182 789 sanus
1206 724 1354 809 utrisque

466 832 609 896 Auribus
634 837 730 915 atque
754 828 875 910 oculis,
900 831 1044 892 mentem
1066 828 1132 892 nisi
1155 826 1320 911 litigiosus

467 935 640 1019 Exciperet
672 932 841 1014 dominus,
872 952 974 1017 quum
1002 931 1163 995 venderet.
1190 931 1261 995 Hoc
1284 950 1411 1016 quoque
1432 929 1552 1014 vulgus

467 1036 667 1121 Chrysippus
690 1035 785 1121 ponit
808 1034 968 1099 foecunda
989 1033 1140 1118 ingente
1163 1033 1304 1098 Meneni.

467 1141 633 1226 „Iupiter,
658 1140 808 1225 ingentes
832 1138 888 1224 qui
917 1138 974 1203 das
998 1137 1181 1222 adimisque
1204 1137 1330 1201 dolores
1341 1137 1373 1200 !“

467 1245 571 1309 Mater
594 1244 642 1309 ait
663 1244 756 1330 pueri
779 1264 908 1308 menses
931 1242 999 1307 iam
1023 1242 1165 1327 quinque
1188 1239 1362 1321 cubantis,

380 1390 382 1393 -
418 1420 420 1424 ,
468 1348 627 1433 „Frigida
650 1348 679 1413 si
701 1366 839 1433 puerum
862 1351 1022 1431 quartana
1044 1344 1226 1429 reliquerit,
1251 1344 1308 1408 illo

465 1454 562 1517 Mane
585 1452 657 1534 die,
682 1473 745 1536 quo
768 1456 806 1515 tu
828 1450 946 1514 indicis
969 1449 1107 1530 ieiunia,
1132 1448 1239 1512 nudus

468 1557 508 1619 In
530 1554 636 1619 Tiberi
660 1554 796 1619 stabit.“
845 1554 948 1619 Casus
972 1552 1159 1618 medicusve
1182 1551 1298 1617 levarit

465 1659 611 1743 Aegrum
634 1680 673 1722 ex
696 1656 885 1742 praecipiti,
910 1662 1015 1721 mater
1038 1655 1141 1720 delira
1162 1654 1292 1720 necabit

467 1762 506 1825 ln
529 1760 639 1846 gelida
661 1760 765 1825 fixum
788 1760 877 1846 ripa,
901 1760 1082 1844 febrimque
1105 1759 1251 1836 reducet3

467 1864 580 1944 Quone
603 1864 690 1929 malo
714 1872 858 1929 mentem
881 1865 1058 1928 concussa?
1080 1862 1197 1926 timore
1220 1862 1363 1925 deorum.

467 1969 555 2033 Haec
578 1968 661 2033 mihi
686 1968 879 2051 Stertinius,
905 1966 1091 2052 sapientum
1115 1972 1268 2048 octavae,
1293 1964 1398 2031 amico

464 2074 567 2147 Arma
589 2072 695 2154 dedit,
720 2072 857 2157 posthac
881 2092 921 2135 ne
944 2070 1154 2155 compellerer
1175 2069 1312 2134 inultus.

467 2162 595 2241 Dixerit
619 2176 771 2241 insanum
795 2176 851 2261 qui
874 2198 944 2258 me,
969 2174 1106 2240 totidem
1129 2174 1241 2239 audiet
1263 2177 1361 2258 atque

419 2329 579 2377 estLucian.
596 2327 689 2390 Navig.
706 2329 747 2377 28.
765 2327 850 2385 ἀλλὰ,
868 2326 962 2376 divus·
1003 2326 1042 2374 lus
1065 2326 1150 2385 homo,
1175 2324 1245 2372 vobis
1269 2338 1320 2371 non
1341 2323 1549 2380 adnumeremus,

420 2424 461 2455 ται
478 2408 526 2471 γὰρ
539 2408 646 2455 ἅπαντα
663 2406 687 2455 ol
703 2406 767 2469 Stoi,
787 2407 876 2455 καὶτὰ
893 2403 961 2470 μέγι·
1004 2404 1157 2454 Corumbum
1183 2417 1234 2451 non
1257 2402 1411 2466 appellamus
1432 2409 1548 2450 octavum

420 2503 467 2534 στα
476 2487 540 2534 εἶναι
557 2484 694 2546 δοκοῦντα,
712 2483 773 2535 αἰτῶ
791 2484 821 2544 δὴ
838 2485 964 2546 βασιλεὺς
1004 2486 1156 2549 sapientum,
1174 2498 1205 2531 ne
1222 2483 1275 2530 iooo
1292 2483 1400 2545 quidem.

420 2562 544 2628 γενέσθαι.
577 2564 663 2613 Unum
677 2554 789 2621 ¹orabat,
814 2571 842 2611 ut
866 2562 962 2626 Virgil.
1036 2565 1143 2613 Dixerit
1168 2566 1287 2612 insanum
1303 2565 1348 2626 qui
1364 2577 1420 2621 me,
1444 2562 1549 2611 totidem

420 2642 485 2692 Aen.
503 2642 551 2692 VI.
566 2644 620 2693 106.
653 2645 738 2692 Unam
754 2658 805 2691 oro.
838 2641 880 2690 IX
897 2642 962 2690 Aen.
1003 2646 1097 2693 audiet.
1130 2642 1181 2704 Qui
1195 2657 1236 2690 me
1257 2643 1348 2690 dixerit
1363 2642 1492 2699 insanum,
1510 2646 1549 2689 tot

419 2723 475 2771 283.
506 2724 541 2771 Te
564 2723 747 2784 superomnia
770 2722 835 2769 ἀοηα
876 2721 962 2769 Unum
1003 2722 1094 2771 audiet.
1110 2721 1193 2782 Quid?
1210 2721 1549 2784 Interpretanturquoties—

420 2818 472 2850 oro.
497 2801 613 2850 Addebat
629 2800 742 2863 precibus
758 2799 962 2849 hochenafieium
1002 2803 1085 2857 toties
1101 2803 1175 2863 quale
1191 2826 1224 2837 -
1249 2802 1307 2849 tale.
1334 2800 1450 2863 Semper,
1473 2806 1550 2862 puto,

420 2880 441 2927 si
458 2885 632 2943 praestaretur,
650 2878 822 2927 sibiloretam
832 2894 960 2943 magnum.
1002 2880 1156 2928 desideratur
1182 2878 1375 2927 substantivum.
1409 2878 1476 2939 Quid
1492 2893 1547 2927 sen·

421 2959 523 3008 Addere
539 2966 567 3007 ut
584 2958 657 3008 Satir.
674 2957 695 3006 Ι.
713 2972 742 3007 11.
762 2958 816 3007 10⁵.
841 2962 962 3023 Leporem
1002 2959 1079 3007 tentia
1095 2958 1210 3022 postulet,
1226 2973 1277 3007 non
1293 2958 1361 3007 latet.
1387 2957 1437 3019 Qui
1453 2972 1493 3005 me
1509 2958 1548 3005 in-

420 3044 523 3088 amator
549 3044 579 3087 ut
608 3040 664 3087 ulta
707 3040 742 3086 In
767 3040 824 3087 nive
847 3044 962 3098 sectetur,
1002 3053 1091 3087 sanum
1116 3038 1221 3094 dixerit,
1246 3040 1313 3087 huno
1338 3040 1423 3087 eodem
1447 3039 1548 3088 nomine

418 3118 528 3180 positum
549 3118 584 3167 sie
607 3123 708 3181 ranem
733 3118 813 3176 nolit,
847 3116 962 3178 Gestat,
1002 3116 1159 3180 compellabo.
1194 3119 1245 3166 Par
1267 3119 1323 3182 pari
1339 3117 1453 3167 referam.
1485 3119 1548 3168 For-

407 3188 445 3244 'et
461 3196 574 3259 apponit:
591 3210 659 3245 meus
669 3202 707 3245 est
718 3211 789 3245 umor
799 3198 856 3247 huic
865 3199 962 3245 sinaitis.
1002 3204 1067 3246 tasse
1083 3196 1203 3245 Horatius
1220 3198 1329 3260 scripsit:
1352 3200 1460 3247 Dixerit
1479 3201 1547 3246 insu·

455 3278 605 3339 Sapientem
621 3282 731 3325 octavus.
758 3276 790 3325 In
807 3276 882 3326 MSS.
900 3277 961 3325 Por·

421 3354 548 3419 phyrionis
565 3354 679 3418 Paulyns
695 3356 800 3404 invenit:
819 3356 961 3404 ΕΠΤΑΟΟ-

420 3438 962 3483 ΦΟΙΧΑῙΡΕΤΑΙΤΟΝΟΥΚΑΤΑΘΟΝΟΠῙ·

421 3517 913 3565 KOPTBONOUUYNAPIOMEOMEN.

420 3592 530 3641 Versum
551 3604 603 3640 esse
623 3606 696 3640 nemo
716 3592 843 3642 dubitabit.
868 3592 959 3641 Effeci:

415 3668 503 3717 “nm
520 3672 593 3732 σοφοὶ
611 3672 731 3735 χαίροιτε.
746 3673 792 3721 τὸν
803 3673 848 3721 οὐκ
862 3671 961 3736 ἀγαθὸν

1002 3290 1062 3323 nans
1078 3277 1123 3338 qui
1133 3291 1180 3332 me,
1190 3278 1280 3324 atatim
1293 3279 1359 3327 idem
1370 3279 1464 3326 audiet.
1481 3277 1547 3326 Ver·

1002 3367 1045 3401 sus
1060 3354 1159 3417 quidem
1181 3354 1247 3402 haud
1268 3355 1370 3417 pulchra
1390 3356 1492 3419 pedibus
1508 3359 1547 3405 in-

1001 3434 1102 3490 cedens,
1134 3434 1178 3482 sed
1205 3440 1275 3483 tauto
1299 3434 1388 3483 melior
1416 3435 1545 3485 sententia

1001 3511 1047 3568 Et,
1064 3512 1086 3559 si
1102 3512 1156 3576 quis
1173 3521 1286 3576 quaerat,
1303 3514 1406 3561 fortasse
1421 3513 1448 3560 in
1457 3513 1545 3563 Satiris

1001 3598 1025 3639 et
1040 3592 1158 3655 Epistolis
1175 3594 1214 3641 hic
1233 3594 1284 3642 illic
1308 3594 1418 3642 inveniet
1444 3610 1544 3643 versum

1000 3686 1051 3719 non
1067 3671 1212 3721 molliorem.
1235 3673 1339 3722 Mollius
1355 3681 1420 3722 erat:
1437 3676 1545 3725 Dixerit

420 3748 445 3797 δὲ
463 3745 601 3811 Κόρυμβον
618 3748 646 3796 οὐ
664 3748 868 3815 συναριθμέομεν.
902 3749 960 3801 Sive
999 3753 1115 3799 manum
1143 3753 1187 3813 qui
1210 3768 1265 3811 me,
1281 3759 1323 3802 sut
1347 3756 1413 3802 idem
1440 3757 1545 3814 audiet,

419 3826 451 3874 sit
462 3826 625 3888 Epigramma
635 3834 712 3875 metro
724 3828 822 3877 heroico
833 3843 889 3877 eum
901 3844 960 3892 pen·
1000 3830 1066 3880 Satis
1083 3830 1178 3889 audiet,
1192 3845 1275 3894 saepe,
1288 3832 1394 3895 saepius,
1403 3847 1479 3895 quam
1488 3849 1543 3897 gra-

419 3906 541 3953 temimeri
556 3906 665 3962 heroica,
682 3906 733 3955 sive
748 3908 868 3969 particula
884 3909 960 3957 maio·
1000 3915 1055 3957 tum
1086 3909 1139 3968 erit,
1165 3910 1256 3960 audiet.
1298 3912 1418 3960 Horatius
1448 3929 1545 3978 quoque

420 3986 453 4033 ris
478 3984 600 4033 carminis.
639 3984 754 4034 Fortasse
775 3986 960 4037 commentator
999 3988 1130 4052 potuisset:
1158 3992 1265 4040 Dixerit
1289 3994 1407 4041 insonum
1432 3997 1543 4056 quaein

420 4064 484 4113 idem
512 4072 570 4112 ante
595 4064 677 4113 oeulos
702 4066 816 4125 habebat,
839 4066 959 4115 scribens:
1000 4085 1045 4126 me,
1064 4071 1165 4118 tandem
1182 4073 1276 4120 audiet.
1310 4071 1382 4132 Quae
1398 4072 1448 4131 ille,
1465 4090 1481 4122 a
1494 4090 1544 4138 quo

419 4151 529 4207 „septem
538 4145 606 4191 fuere
614 4144 734 4206 sapientes
744 4145 869 4195 Graeciae.
885 4148 968 4201 Hune,
999 4149 1159 4211 compellatus
1176 4166 1245 4208 sum,
1265 4152 1293 4199 in
1308 4166 1349 4200 me
1365 4152 1471 4213 dixerit,
1488 4156 1543 4203 toti-

420 4222 564 4273 Stertinium
578 4224 737 4284 adnumerat,
754 4225 959 4288 quasiootavum,
1000 4229 1056 4275 dem
1081 4244 1097 4276 a
1121 4244 1161 4278 me
1186 4230 1281 4279 audiet:
1307 4234 1335 4279 in
1358 4248 1396 4281 me
1411 4234 1541 4290 insanum,

419 4302 550 4351 ludendo.“
562 4300 601 4351 Sic
613 4310 697 4352 auctor
706 4302 795 4353 Graeci
803 4318 889 4353 versus
900 4305 961 4368 Epi·
1000 4314 1138 4371 tamquam,
1155 4316 1185 4357 at
1209 4313 1341 4370 insanum
1367 4311 1487 4361 Horatius
1512 4320 1542 4361 aa

421 4396 534 4443 gramma
555 4383 687 4445 scepticum
712 4383 739 4430 in
757 4382 909 4433 Corumbum
926 4383 960 4432 fe·
999 4388 1140 4449 saepissime
1156 4389 1253 4438 omittit.
1288 4390 1393 4439 Dixerit
1414 4394 1442 4440 in
1458 4409 1496 4441 me
1515 4401 1543 4439 ut

421 4462 466 4509 cit:
483 4461 575 4510 salvete
592 4462 651 4509 mihi
669 4469 854 4525 vos‚oseptem
867 4464 960 4526 sapien·
1000 4465 1105 4515 Plautus
1122 4468 1221 4517 Curcul.
1239 4469 1317 4519 IV.1.
1332 4471 1369 4521 17.
1397 4472 1450 4530 Qut
1466 4475 1543 4521 alteri

419 4550 463 4590 tes.
498 4540 651 4589 Corumbum
668 4547 758 4596 autem,
775 4554 852 4602 quum
867 4541 960 4589 sitnia·
979 4599 981 4618 Ι
1000 4547 1030 4594 de
1054 4549 1134 4597 attilo
1157 4551 1278 4598 audacter
1308 4551 1397 4599 dictant
1418 4557 1541 4600 contume-
