3542 5634
677 566 859 630 LIBER
905 567 930 630 I.

272 749 501 835 Contemplere
524 750 644 832 oculis,
670 750 826 836 Hypsaea
850 752 975 816 caecior
998 751 1075 834 illa,

272 853 363 933 Quae
385 852 474 917 mala
495 858 593 935 sunt,
617 857 753 938 spectes.
791 852 844 936 „0
866 855 956 920 crus!
981 876 1000 919 o
1022 854 1195 919 brachial”
1225 852 1348 916 Verum

271 952 436 1041 Depygis,
461 961 598 1038 nasuta,
621 956 713 1020 brevi
735 956 837 1022 latere
859 976 896 1022 ao
918 957 1001 1042 pede
1023 957 1123 1043 longo
1146 962 1205 1022 est.

270 1057 442 1123 Matronae
463 1064 591 1144 praeter
613 1058 731 1124 faciem
754 1059 803 1122 nil
827 1081 957 1125 cernere
979 1061 1105 1146 possis,

269 1157 402 1242 Cetera,
426 1159 462 1224 ni
486 1160 582 1227 Catia
603 1165 670 1243 est,
695 1160 838 1226 demissa
860 1167 952 1228 veste
976 1162 1127 1248 tegentis.

271 1261 307 1327 Si
330 1262 505 1329 interdicta
526 1269 637 1350 petes,
661 1263 749 1330 vallo
772 1264 992 1348 circumdata,
1017 1265 1111 1351 (nam
1135 1271 1167 1330 te

269 1364 342 1430 Hoc
364 1365 445 1431 facit
468 1367 639 1455 insanum)
661 1368 787 1433 multae
811 1367 872 1433 tibi
896 1374 969 1434 tum
992 1369 1136 1435 officient
1158 1390 1226 1450 res,

268 1468 448 1552 Custodes,
472 1470 602 1554 lectica,
627 1471 813 1554 ciniflones,
838 1473 1019 1557 parasitos,

222 1641 248 1682 et
268 1635 464 1686 Wustemunnus
484 1639 517 1686 sd
537 1639 625 1688 Horat
642 1639 716 1690 satir.
733 1639 769 1688 11.
811 1647 949 1690 mentastro
965 1640 1054 1690 melius
1067 1640 1229 1704 legereturia
1241 1642 1357 1690 amrerrr.

222 1726 251 1761 11·
269 1716 309 1763 33·
810 1719 933 1769 Putantes
949 1721 1026 1784 igitur
1036 1711 1166 1783 attritiones
1181 1725 1207 1767 et
1218 1718 1358 1768 cinerarios

256 1794 395 1844 Matronae
417 1802 521 1860 praeter
538 1797 636 1861 faciem
659 1800 698 1846 nit
718 1813 769 1848 cer
810 1811 863 1846 esse
882 1797 994 1848 eiusdem
1015 1797 1218 1861 significationis,
1239 1797 1357 1858 interpre-

220 1888 280 1920 aere
303 1876 391 1935 poscis.
429 1875 532 1923 Lucian.
557 1876 625 1925 Dial.
647 1877 712 1924 Mer.
731 1877 769 1925 ll.
810 1877 856 1924 tati
880 1884 939 1926 sunt
960 1878 1042 1927 verbis
1068 1876 1119 1926 lere
1142 1876 1242 1933 iisdem,
1267 1875 1356 1937 qrdbus

221 1950 283 2008 εἶδες
299 1951 325 2001 δὲ
342 1952 407 2012 ὅλην
423 1953 549 2018 ἀκριβῶς,
560 1955 577 2014 ἢ
588 1957 617 2004 rb
629 1954 770 2018 πρόσωπον
809 1954 894 2004 Varro
910 1957 941 2005 (le
957 1957 987 2005 L.
998 1957 1029 2005 L.
1041 1956 1075 2005 V.
1093 1970 1117 2018 p.
1133 1955 1186 2004 132.
1203 1954 1356 2003 nuendum.

219 2030 315 2093 μόνον,
336 2031 378 2079 eal
395 2030 444 2080 boa
462 2034 507 2081 τοῦ
524 2034 643 2098 σώματος
660 2033 769 2098 φανεράς
812 2033 1011 2095 Calarnistrum,
1028 2035 1075 2092 ait,
1097 2036 1164 2097 quod
1179 2035 1220 2082 bic
1236 2033 1357 2095 calfactis

255 2109 389 2171 Custodes,
410 2113 512 2169 lectica,
534 2113 674 2175 cinfflones,
690 2127 769 2172 para-
809 2112 838 2159 iu
861 2113 944 2162 cium
968 2115 1078 2176 capillus
1103 2117 1220 2161 ansatur.
1256 2112 1311 2169 Qut
1326 2126 1356 2159 ea

218 2189 291 2236 sitae.
312 2189 407 2237 Versus
421 2190 484 2237 milri
496 2190 569 2239 valde
581 2195 708 2253 suspectus
723 2198 768 2238 est.
809 2191 987 2250 ministrabat,
1009 2207 1025 2238 a
1048 2192 1132 2239 cinere
1152 2191 1295 2238 cinerarius
1319 2195 1356 2239 cst

220 2267 419 2317 Grammaticum
438 2269 547 2332 aliquem
563 2268 680 2318 adiecisse
694 2276 767 2332 puto,
809 2270 959 2331 appellatio.
985 2269 1081 2319 Utrum
1098 2270 1183 2319 Varro
1204 2267 1355 2318 cinerarium

219 2347 253 2394 ad
264 2347 439 2410 explicandum
451 2348 528 2397 illud:
545 2352 641 2398 inultae
653 2351 700 2397 tibi
713 2355 768 2398 tum
808 2353 887 2407 recte,
905 2363 937 2396 an
944 2383 952 2408 ,
970 2349 1037 2413 quod
1053 2347 1090 2396 illi
1106 2348 1173 2396 haud
1185 2361 1241 2395 raro
1258 2347 1358 2405 accedit,

218 2426 332 2487 efficient
352 2441 401 2475 rea.
433 2426 556 2476 Horatius
580 2427 608 2475 in
631 2427 677 2475 heo
697 2434 768 2491 parte
807 2439 877 2475 secus
895 2443 910 2475 a
930 2429 1013 2477 mane
1029 2427 1136 2486 derivet,
1157 2440 1225 2474 nuno
1246 2426 1308 2475 nihil
1325 2428 1356 2476 ed

219 2505 339 2553 sermonis
361 2510 461 2553 tantum
482 2505 649 2554 demonstrat:
672 2505 697 2554 in
715 2521 767 2556 cor-
808 2519 859 2555 nos.
887 2505 1004 2556 Verbum
1024 2506 1105 2567 ipsum
1127 2504 1241 2563 extabat,
1262 2506 1293 2553 de
1316 2519 1356 2553 or·

218 2596 278 2644 pore
302 2590 429 2632 matronae
454 2583 518 2632 nihil
546 2584 651 2647 spectari
674 2592 766 2648 potest,
808 2587 891 2633 nando
907 2583 993 2632 calidis
1014 2583 1161 2631 calamistris
1180 2582 1269 2646 capillo
1285 2597 1355 2632 usur-

218 2661 266 2709 nisi
281 2661 367 2722 faoiee;
382 2669 479 2711 metere
489 2662 575 2711 omnia
589 2670 721 2726 teguntur:
739 2664 766 2713 in
808 2664 922 2725 pabatur,
931 2669 993 2712 teate
1003 2663 1130 2720 Varrone,
1139 2667 1164 2710 et
1176 2661 1291 2724 exempla
1300 2676 1355 2710 ver-

217 2753 319 2803 oorpore
334 2741 439 2791 libertae
449 2742 535 2790 omnia
546 2748 676 2805 apparent,
687 2757 765 2807 eaque
808 2742 833 2790 bi
850 2744 877 2792 in
894 2740 1035 2793 Catullost
1051 2741 1106 2790 aliis
1123 2747 1269 2804 supersunt:
1290 2742 1354 2790 ciui·

218 2819 381 2868 inveniuntur
396 2820 543 2884 plerumque
559 2821 764 2885 longepulchrio
800 2822 880 2883 floris
897 2821 994 2870 nullum
1012 2826 1122 2884 superest
1138 2821 1293 2885 exemplum,
1307 2821 1355 2870 nisi

218 2913 259 2957 ra,
284 2914 360 2962 quam
381 2901 408 2947 in
428 2914 530 2962 corpore
551 2906 687 2949 matronae.
724 2889 765 2949 De
806 2901 872 2962 quod
897 2899 938 2947 hic
963 2899 1063 2961 legitur.
1104 2900 1190 2949 Varro
1213 2900 1352 2964 ignorabat.

216 2976 407 3027 difficultatibus
427 2986 556 3027 matronae
581 2979 765 3028 conveniendae
807 2978 930 3042 Alioquin
954 2985 1113 3026 memorasset
1137 2979 1191 3041 ipso
1217 2978 1262 3027 illo
1286 2980 1354 3040 loco,

216 3058 325 3106 hicnon
341 3058 434 3120 egitur.
451 3057 505 3105 Has
516 3057 602 3118 attigit
617 3072 654 3105 vs.
669 3058 717 3107 luo
728 3074 764 3120 sq.
807 3056 850 3104 ubi
874 3062 927 3104 tam
951 3057 1033 3104 multa
1056 3057 1087 3105 de
1108 3057 1201 3104 mundo
1221 3062 1247 3105 et
1263 3066 1354 3106 ornatu

216 3136 314 3186 Omitto
329 3138 455 3185 custodes:
477 3134 566 3182 omitto
581 3150 679 3198 quoque
695 3139 764 3186 lecti·
807 3133 935 3191 muliebri,
956 3134 1101 3194 praesertim
1122 3136 1154 3182 ad
1175 3141 1251 3196 caput
1271 3142 1297 3184 et
1312 3151 1351 3184 ca·

215 3232 274 3266 cani
293 3221 318 3263 et
337 3216 483 3277 parasitus,
504 3229 655 3278 quemqnam
677 3215 765 3276 fateor,

216 3308 258 3342 me
280 3307 330 3342 non
355 3292 414 3341 satis
435 3293 585 3356 perspicere,
608 3295 664 3358 quis
698 3309 764 3344 nuno

216 3372 286 3420 locus
302 3371 356 3420 deri
366 3371 443 3434 possit
453 3372 562 3432 lecticae,
575 3387 634 3422 cum
646 3389 685 3424 res
696 3375 763 3423 domi

216 3449 249 3498 sit
265 3452 374 3514 agende3
397 3467 478 3515 neque
498 3451 579 3500 simile
599 3452 658 3500 huic
680 3467 763 3502 exem·

215 3528 289 3591 plum
305 3530 356 3579 ridi
372 3537 499 3579 matronae
516 3529 629 3579 habentis
646 3545 703 3579 suas
718 3547 763 3593 pa·

215 3610 322 3666 raritas,
342 3616 372 3656 ut
392 3607 497 3656 maritus
518 3609 624 3658 habebat
644 3624 702 3658 suos
717 3624 763 3671 pa·

215 3687 317 3736 raritas.
350 3687 442 3736 Dicam
458 3688 672 3751 dormitionibus.
689 3687 763 3739 Com-

215 3770 350 3814 mentator:
372 3766 520 3829 „ciniflones
535 3772 561 3816 et
582 3769 708 3817 cinerarii
723 3782 763 3816 ee·

215 3843 274 3891 dem
295 3844 475 3906 significatione
497 3846 563 3907 apud
584 3851 679 3894 veteres
699 3844 762 3894 dioe-

214 3921 308 3969 bantur
328 3922 360 3970 ab
379 3921 461 3971 officio
482 3922 694 3981 calamistrorum,
718 3924 762 3988 qui

215 4013 275 4048 acus
296 4006 321 4049 et
336 4006 424 4048 veruta
444 4000 527 4049 flando
548 4003 574 4049 in
595 4001 677 4051 cinere
697 4003 762 4051 cale·

215 4078 352 4136 iaciebant,
367 4078 457 4140 quibus
474 4087 602 4130 matronae
618 4081 698 4129 crines
714 4081 760 4128 cri-

214 4158 333 4220 spabant:
358 4157 410 4206 eius
435 4162 459 4205 et
484 4158 609 4221 Virgilius
634 4159 761 4218 meminit,

214 4237 344 4300 inquiens,
360 4236 473 4284 vibratos
484 4238 670 4301 catidoferro.“
692 4240 761 4288 Acro

215 4323 240 4365 et
250 4313 393 4378 Porphyrio
404 4314 562 4365 conveniunt.
587 4317 668 4366 Acro:
687 4319 761 4378 „dicti

150 4445 155 4450 ,
215 4401 299 4444 autem
312 4393 455 4456 damnes,
466 4395 531 4456 quod
543 4394 569 4441 in
580 4396 687 4444 cinerem
701 4395 762 4444 flant

215 4476 247 4522 ad
272 4469 465 4522 calefaciendum
481 4472 585 4534 ferrum,
611 4489 672 4538 quos
689 4480 713 4522 et
729 4475 762 4522 ci-

216 4552 325 4602 nerarios
346 4551 502 4614 appellent,“
522 4552 587 4601 unde
604 4559 628 4601 et
644 4553 670 4600 in
688 4552 761 4603 Com·

805 3209 878 3273 pillos
899 3211 1058 3274 pertinentia,
1083 3211 1162 3260 affert.
1201 3213 1270 3275 Ergo
1295 3227 1352 3262 nus·

806 3304 881 3353 quem
903 3290 1005 3339 inuenit.
1038 3289 1113 3351 Quod
1135 3306 1151 3338 a
1171 3291 1298 3340 nonnullis
1319 3294 1351 3341 ad

806 3371 978 3419 auctoritatem
999 3369 1086 3418 Plauti
1106 3375 1267 3433 provocatur,
1284 3386 1352 3421 error

804 3457 849 3497 est.
884 3449 993 3497 Plautus
1010 3447 1099 3497 Aulul.
1117 3449 1264 3498 111.v.35.
1283 3449 1350 3498 Cau·

803 3543 890 3590 pones,
910 3529 1067 3590 putapiarii,
1087 3529 1232 3576 induciaria
1273 3527 1351 3578 Wou·

805 3620 917 3654 werenus
944 3606 975 3654 ad
998 3606 1099 3654 Petrou.
1119 3621 1143 3668 p.
1167 3605 1223 3655 613.
1248 3606 1349 3656 omnino

805 3698 837 3733 ex
861 3685 896 3734 V.
925 3684 956 3732 Ε.
986 3683 1098 3734 Floreat.
1128 3683 1262 3748 legendum
1290 3686 1350 3736 dicit

804 3764 941 3827 ciniflones.
959 3763 1057 3814 Sihaec
1073 3778 1162 3812 manus
1179 3771 1243 3815 esset
1254 3764 1350 3824 Plauti,

804 3842 946 3906 exemplum
972 3843 1127 3906 diligentiam
1146 3843 1282 3904 Varronis,
1299 3859 1349 3908 quo

804 3933 877 3968 nemo
893 3921 980 3970 melius
990 3921 1113 3971 Plautum
1125 3921 1285 3986 intelligebat,
1298 3937 1348 3972 non

804 3997 926 4047 latuisset.

835 4075 910 4125 Dicet
935 4077 1037 4126 fortasse
1059 4079 1159 4141 aliquis,
1185 4079 1244 4142 quid
1270 4087 1349 4140 vetet,

802 4155 935 4216 quominus
951 4157 1039 4218 ciuiflc
1054 4165 1109 4218 post
1126 4159 1249 4218 Ennium,
1273 4159 1349 4207 Pluu-

803 4239 870 4292 tnm,
888 4233 949 4282 alios
967 4242 1062 4282 veteres
1078 4236 1209 4285 inventum
1230 4238 1276 4296 sit,
1299 4237 1350 4288 imo

802 4313 853 4375 ipse
877 4312 998 4362 Horatius
1020 4315 1177 4377 procuderit?
1210 4316 1258 4366 Sed
1285 4331 1351 4367 nora

803 4394 905 4444 nomina
926 4393 997 4442 novis
1019 4393 1091 4442 rebus
1113 4395 1287 4459 imponuntur;
1311 4412 1349 4449 oa·

803 4474 875 4536 pillos
892 4472 1040 4522 calamistris
1057 4473 1155 4524 inurere
1172 4489 1223 4524 non
1240 4485 1294 4526 erat
1310 4493 1349 4529 res

781 4602 783 4613 ,
804 4568 875 4602 nova.
911 4552 962 4613 Qui
986 4553 1011 4600 in
1033 4566 1062 4601 eo
1082 4553 1267 4616 ministrabant,
1290 4563 1351 4606 tosto
