3542 5634
371 485 433 547 110
765 479 1116 544 snTlRARUM

414 671 521 735 Iratus
546 669 626 751 tihi,
657 668 744 752 quod
767 667 837 731 vini
860 667 1033 751 somnique
1052 667 1214 751 benignus

414 773 473 836 Nil
497 771 636 857 dignum
662 791 811 836 sermone
834 791 952 851 canas,
979 770 1059 854 quid
1077 771 1157 835 fiet?
1201 770 1256 836 Ab
1279 770 1361 856 ipsis

416 873 645 941 Saturnalibus
667 873 730 936 huc
751 872 877 957 fugisti.
929 872 1066 937 Sobrius
1085 895 1162 958 ergo

351 1010 353 1014 ·
416 977 478 1042 Dic
501 975 627 1061 aliquid
651 975 790 1060 dignum
813 975 999 1060 promissis!
1047 977 1174 1061 Incipe!
1221 977 1279 1040 Nil
1302 980 1375 1042 est?

415 1080 599 1165 Culpautur
621 1079 744 1143 frustra
766 1077 903 1160 calami,
930 1078 1181 1165 immeritusque
1203 1079 1332 1144 laborat

415 1182 513 1248 iratis
538 1189 635 1247 natus
659 1181 764 1266 paries
790 1181 840 1245 dis
865 1187 964 1266 atque
988 1182 1104 1266 poetis.

414 1285 518 1371 Atqui
540 1285 652 1350 vultus
676 1289 746 1348 erat
768 1284 875 1348 multa
897 1290 931 1349 et
953 1285 1119 1369 praeclara
1142 1285 1323 1366 minantis,

415 1387 451 1452 Si
474 1409 613 1452 vacuum
637 1387 747 1472 tepido
771 1387 912 1472 cepisset
934 1388 1053 1452 villula
1075 1393 1171 1453 tecto,

415 1490 579 1569 Quorsum
601 1490 762 1576 pertinuit
785 1490 907 1576 stipare
932 1491 1073 1556 Platona
1097 1492 1295 1574 Menandre,

415 1591 575 1678 Eupolin,
599 1593 848 1676 Archilochum,
872 1595 1008 1659 comites
1034 1596 1168 1660 educere
1192 1597 1327 1660 tantos?

416 1696 581 1761 Invidiam
603 1697 732 1783 placare
755 1719 866 1782 paras,
891 1697 1013 1762 virtute
1036 1699 1173 1763 relicta?

370 1877 462 1926 poscas.
488 1863 656 1926 Damasippus
674 1863 807 1911 Horatium
824 1863 917 1926 alloqui
954 1866 1038 1926 polin,
1061 1865 1240 1914 Archilochum
1268 1866 1368 1912 conates
1393 1865 1510 1918 edacem,

370 1943 468 1990 videtur
485 1942 544 2005 ipsis
561 1943 658 2002 verbis,
683 1942 771 2006 quibus
788 1945 845 1990 eum
863 1957 916 1990 esse
956 1941 1023 2006 quid,
1033 1950 1063 1992 tu
1073 1945 1202 1992 Invidiam
1210 1945 1313 2005 placore
1324 1957 1360 2005 aq.
1369 1941 1510 1992 Contentus

369 2035 443 2070 usum
468 2023 608 2080 audiverat,
631 2036 687 2070 cum
709 2021 826 2070 desidiam
844 2035 915 2070 susm
956 2029 1041 2070 tamen
1057 2022 1104 2070 erit
1126 2022 1229 2084 vulgata
1244 2022 1356 2071 lectione.
1384 2021 1510 2084 Equidem

370 2102 421 2163 ipse
439 2102 614 2150 detestabatur.
957 2115 1008 2148 non
1039 2103 1112 2150 video
1136 2116 1179 2149 cur
1201 2103 1275 2165 polita
1295 2117 1311 2148 a
1326 2099 1509 2148 constructione

401 2181 551 2230 Doderhnus
569 2197 625 2230 eum
643 2181 770 2230 Meinokio
784 2177 917 2235 volebatsi
957 2181 1053 2243 incepta
1080 2181 1236 2229 discessisset.
1271 2181 1320 2242 Qui
1343 2179 1441 2242 scripsit
1461 2183 1509 2227 sti-

369 2275 429 2308 roro
440 2262 537 2310 scribis.
599 2316 601 2320 y
955 2275 1020 2322 pure
1042 2261 1154 2310 Platona
1171 2262 1327 2317 Meriondro,
1344 2259 1509 2317 continuavit,

402 2341 487 2388 Iratir
508 2345 586 2386 nutus
606 2340 693 2400 parics
710 2337 749 2384 dis
770 2342 845 2398 utque
860 2336 916 2398 poi·
957 2346 1030 2402 puto,
1047 2341 1163 2401 Eupolis
1179 2340 1338 2397 Archilocho,
1356 2338 1397 2386 vel
1416 2337 1508 2401 potius,

370 2421 410 2466 tis.
427 2418 511 2466 Plaut.
528 2415 642 2480 Amphis.
659 2415 681 2464 Ι.
697 2430 715 2463 ι.
731 2415 786 2463 168.
802 2418 916 2478 partiunt
959 2420 1084 2480 Eupolide·
1109 2418 1298 2466 Archilochum.
1337 2417 1364 2467 si
1391 2419 1507 2480 Eupolin

367 2500 447 2560 poeni
456 2499 524 2546 mihi.
535 2497 588 2547 Sos.
607 2497 637 2544 Si
648 2500 676 2544 in
693 2511 730 2544 nte
745 2496 915 2553 ermciturus,
958 2496 1135 2546 Archilochum
1151 2494 1263 2558 scripsit,
1278 2495 1438 2557 praemisisse
1455 2510 1509 2544 cre·

368 2593 458 2638 quaeso
475 2583 504 2624 ut
521 2579 549 2624 in
564 2578 687 2639 parietem
703 2577 816 2637 primum
826 2577 915 2622 docies.
956 2576 1014 2624 dam
1032 2577 1161 2636 Platona,
1183 2577 1368 2628 Menandrum.
1395 2574 1508 2625 Comites

405 2658 532 2714 Quorsum
546 2656 674 2718 pertinuit
690 2656 785 2714 stipare
803 2655 916 2700 Plutona
956 2664 1015 2704 sunt
1040 2669 1125 2703 omnes
1150 2659 1270 2716 quatuor,
1299 2655 1363 2701 tanti
1392 2655 1507 2714 comites,

370 2736 528 2783 Menandro?
553 2732 640 2794 Vulgo
658 2731 790 2779 Platonem
809 2730 915 2792 philoso-
956 2741 1008 2782 tam
1032 2734 1160 2798 praeclari.
1195 2733 1246 2783 Sed
1268 2734 1293 2781 in
1314 2736 1418 2782 educere
1434 2736 1508 2782 comi-

369 2813 445 2877 phum
469 2812 586 2874 cogitant.
611 2811 645 2858 Et
669 2810 789 2858 Horatius
815 2810 915 2857 chartas
955 2818 990 2863 tes
1007 2813 1119 2862 desidero
1134 2811 1257 2874 copulam.
1290 2811 1409 2860 Fortasse
1420 2811 1507 2874 legen-

368 2892 513 2949 Socraticas,
522 2889 635 2938 Platonis
644 2889 916 2952 praesertim,studiose
956 2893 1029 2941 dum:
1049 2893 1177 2950 Quorsum
1186 2893 1317 2953 pertinuit
1326 2893 1427 2953 stipare
1443 2894 1508 2940 Plu·

367 2971 472 3034 legebat.
506 2970 537 3018 In
564 2968 638 3019 Satin.
664 2969 700 3016 II.
727 2981 764 3016 ιι.
782 2970 806 3017 3.
831 2968 916 3031 iungit
957 2978 1017 3020 tono
1026 2972 1178 3027 Menandro,
1188 2971 1508 3032 Eupolidiarchucchum,

368 3050 549 3114 Pythagoram,
562 3049 689 3098 Socratem
706 3055 731 3095 et
743 3049 843 3097 doctum
852 3046 915 3096 Pla·
955 3054 1055 3101 comites
1076 3056 1102 3098 et
1122 3051 1211 3098 duom
1228 3049 1335 3098 tantos?
1362 3047 1507 3111 stipaverat

367 3138 455 3180 ionem.
488 3130 573 3186 Recte,
597 3134 622 3175 et
647 3131 747 3176 doctum
768 3126 915 3186 Platonem,
955 3130 1030 3178 libros
1047 3136 1165 3193 quatuor,
1187 3128 1347 3178 Comicorum
1369 3136 1395 3177 et
1411 3128 1505 3176 Archi-

306 3219 308 3222 ·
367 3211 414 3257 hoc
430 3216 469 3258 est
483 3209 664 3271 philosophum.
690 3207 727 3254 At
746 3207 862 3254 Platoin
875 3220 914 3254 co·
954 3208 1033 3265 lochi,
1057 3210 1084 3256 in
1108 3209 1221 3272 capsula,
1247 3215 1275 3258 ut
1300 3207 1392 3258 Catull.
1419 3207 1506 3257 Germ.

367 3289 456 3337 mitstu
469 3287 610 3344 Menandri,
619 3285 758 3348 Eupolidis,
769 3285 914 3333 Archilochi
955 3289 1057 3338 LXVI.
1088 3290 1156 3336 Num
1180 3291 1247 3350 quod
1276 3291 1431 3350 scriptorum
1456 3301 1507 3334 non

367 3367 540 3417 verosimiliter
556 3374 593 3416 est
610 3365 733 3416 Comicus.
766 3365 837 3413 Idem
859 3377 914 3412 scn-
955 3370 1039 3416 multo
1054 3373 1093 3415 est
1120 3369 1192 3429 copto
1216 3368 1287 3428 opud
1302 3383 1341 3415 me
1378 3368 1436 3414 Hoc
1452 3372 1506 3423 est,

366 3447 442 3496 tiebat
459 3449 570 3505 Estreus,
588 3452 619 3503 et,
636 3451 664 3492 ut
680 3442 847 3506 posteavidit,
864 3443 914 3490 iam
955 3449 1022 3510 quod
1052 3448 1151 3495 Romus
1178 3448 1294 3496 vicinius.
1335 3449 1396 3495 Huc
1421 3461 1506 3494 unos

367 3534 441 3574 antea
465 3527 602 3584 Daeerius;
630 3531 666 3581 et,
689 3530 717 3570 nt
739 3538 805 3571 nunc
828 3523 914 3579 video,
955 3527 1045 3573 occultis
1062 3527 1168 3588 capsula
1185 3541 1224 3573 nro
1238 3529 1360 3588 sequhur.
1381 3525 1505 3574 Horatius

367 3606 417 3653 iam
434 3613 492 3653 ante
508 3605 575 3652 bunc
591 3602 625 3650 D.
642 3601 769 3650 Heinsius.
956 3604 1102 3667 plerumque
1111 3604 1410 3655 utiturdueerecomitom.
1419 3604 1504 3653 Plaut.

401 3686 523 3746 Errpclin,
542 3684 727 3739 Archilochum,
744 3682 844 3728 comites
855 3681 914 3728 edu·
955 3683 1213 3745 sophronium.
1226 3685 1504 3748 Ιὸοοᾳυηιει,ιιηιι“ιοηι

366 3776 422 3810 cere
438 3760 545 3808 tantos?
570 3760 602 3806 In
619 3757 827 3820 CodRegiuensi
850 3760 913 3806 Pto·
956 3762 1291 3811 PudicitiomdureroHos
1299 3763 1505 3826 nuncincapsula

368 3849 428 3889 tono
446 3839 599 3898 Menandro,
617 3839 729 3900 Eupolis
742 3836 915 3884 Archilocho?
954 3841 1104 3904 stipaverat,
1121 3841 1264 3903 occupatos
1281 3856 1366 3890 secum
1389 3843 1504 3891 duxerat,

366 3921 467 3969 concites
484 3921 587 3968 educere
603 3916 709 3966 tantos?
741 3916 838 3978 Nempe
858 3925 913 3963 tan·
988 3921 1119 3970 Invidiam
1132 3921 1240 3980 placare
1254 3935 1335 3983 parm
1354 3923 1450 3970 virtute
1465 3935 1504 3970 re-

366 4007 405 4048 tos
421 3999 529 4058 codices,
550 4005 587 4046 tot
602 4011 630 4045 ac
645 3998 720 4044 tantis
731 3995 913 4054 voluminibus,
955 4001 1037 4051 licta?
1061 4000 1150 4048 Virtus
1166 3998 1266 4047 Horatii
1282 3999 1310 4046 in
1328 3999 1504 4062 componendis

366 4085 394 4127 ut
411 4087 506 4128 veteres
525 4079 688 4138 Scholiastae,
703 4079 770 4141 quod
784 4076 913 4126 Bentleius
953 4087 1024 4127 tanta
1039 4093 1096 4126 cum
1113 4077 1226 4126 libertate
1243 4077 1332 4127 Satiris
1347 4078 1503 4126 cernebatur.

289 4215 297 4224 ..
367 4168 499 4208 venustum
524 4167 603 4208 vocat.
645 4160 697 4208 Pro
723 4165 806 4208 teritos
832 4157 913 4208 Schol.
953 4161 1020 4209 Hinc
1035 4159 1080 4207 eibi
1096 4158 1215 4206 invidiam
1232 4159 1401 4206 contrahebat.
1429 4157 1504 4206 Hauc

366 4238 447 4288 Persii
463 4239 530 4287 dedit
546 4241 607 4302 quin
627 4245 663 4287 tu.
698 4238 764 4286 Hinc
783 4253 816 4286 ex
833 4237 913 4285 conie-
954 4247 983 4286 ut
999 4239 1092 4302 places,
1109 4237 1190 4285 mrius
1211 4244 1285 4300 atque
1302 4239 1383 4285 rarius
1399 4237 1503 4286 scribis?

366 4326 436 4365 ctura
453 4317 580 4381 Butgersii
596 4325 677 4367 totum
701 4318 784 4366 locum
805 4318 841 4366 sie
856 4330 913 4365 con·
954 4326 1027 4380 rogat
1043 4317 1219 4380 Damasippus.
1240 4317 1362 4366 Horatius
1377 4319 1439 4365 adeo
1450 4331 1503 4366 non

365 4397 461 4446 cinnari
472 4413 544 4461 posse
554 4399 699 4446 arbitratur:
720 4399 848 4456 Quorsum
855 4413 913 4460 prr·
953 4397 990 4445 ita
1002 4399 1114 4459 parabat
1128 4399 1241 4459 placore,
1257 4397 1301 4445 sed
1312 4397 1363 4444 iam
1373 4399 1504 4458 plorabat,

365 4479 444 4526 tinuit
454 4480 552 4539 stipare
562 4479 672 4526 Plutona
682 4477 843 4526 Menandro?
855 4479 912 4524 Eu·
954 4484 983 4523 ut
1000 4477 1105 4539 quidem·
1116 4475 1270 4538 opinabatur.
1305 4474 1467 4537 Legendum,
1476 4476 1503 4522 ni
