3542 5634
707 492 889 558 LIBER
933 493 976 558 H.
1340 495 1401 558 153

318 680 491 768 Imprimat
513 681 584 762 his,
608 702 703 763 cura,
727 680 898 745 Maecenas
921 679 1018 765 signa
1040 680 1204 746 tabellis.“

317 784 463 852 Dixeris:
499 785 774 871 „Experiar;“—-
791 783 851 867 „si
870 783 937 866 vis,
955 788 1048 868 potes
1058 787 1091 867 ,“
1111 785 1205 850 addit
1215 791 1249 850 et
1264 786 1375 852 instat.

318 887 484 973 Septimus
508 894 622 955 octavo
644 888 777 974 propior
799 887 866 952 iam
887 888 1010 973 fugerit
1032 910 1154 971 annus,

316 991 368 1056 Ex
391 1014 455 1078 quo
478 994 647 1059 Maecenas
672 1014 725 1057 me
748 991 854 1077 coepit
875 991 994 1056 habere
1016 1012 1149 1056 auorum

315 1094 355 1159 In
377 1118 527 1181 numero,
552 1097 725 1162 dumtaxat
747 1096 789 1161 ad
811 1095 889 1178 hoc,
914 1117 1012 1181 quem
1035 1095 1148 1161 tollere
1170 1097 1269 1163 rheda

314 1199 422 1266 Vellet
444 1201 506 1266 iter
528 1201 670 1284 faciens,
695 1205 728 1265 et
751 1199 804 1265 cui
827 1199 1016 1265 concredere
1038 1221 1143 1284 nugas

314 1303 386 1369 Hoc
408 1327 527 1390 genus:
553 1305 667 1387 „Hora
678 1307 779 1389 quota
791 1304 861 1368 est?
883 1302 990 1368 Threx
1005 1309 1056 1368 est
1076 1303 1210 1369 Gallina
1225 1304 1305 1389 Syro
1318 1310 1397 1392 par?

313 1406 478 1474 Matutina
500 1395 615 1493 pamm
639 1412 751 1472 cautos
774 1405 842 1471 iam
863 1405 986 1492 frigora
1007 1406 1158 1472 mordent
1166 1410 1199 1472 :“

314 1510 359 1575 Et
386 1535 467 1598 quae
489 1512 610 1578 rimosa
630 1511 713 1576 bene
736 1511 943 1596 deponuntur
964 1510 999 1575 in
1022 1533 1107 1575 aure.

311 1615 374 1680 Per
396 1621 504 1681 totum
527 1617 588 1682 hoc
611 1621 741 1701 tempus
766 1613 942 1680 subiectior
964 1614 999 1678 in
1022 1615 1110 1680 diem
1133 1619 1167 1681 et
1188 1616 1300 1681 horam

310 1719 467 1788 invidiae.
513 1721 632 1786 Noster
652 1720 747 1785 ludos
771 1723 974 1803 spectaverat
996 1741 1079 1802 una,

299 1885 386 1933 mres
401 1891 436 1934 est
457 1885 564 1933 Gallina
581 1886 647 1948 Syro
660 1900 720 1947 pur.
754 1881 808 1932 Alii
848 1889 876 1930 nt
893 1882 927 1930 ibi
942 1883 1045 1931 ostendi
1077 1883 1146 1932 Bene
1163 1885 1224 1932 adeo
1240 1884 1294 1933 άιιτ
1312 1898 1393 1939 naua,

269 1964 405 2020 stromat
413 1965 513 2027 perinde
521 1979 574 2014 esse
581 1971 676 2027 putant.
693 1962 807 2013 Oudend.
848 1976 899 2010 non
916 1961 1045 2025 depastae
1061 1969 1104 2011 aut
1123 1963 1219 2012 Caesar
1234 1977 1316 2023 meum
1333 1971 1393 2012 sunt

264 2043 296 2092 ad
312 2042 413 2092 Sueton.
431 2041 540 2105 Caligul.
562 2045 603 2092 35.
628 2057 677 2091 nou
698 2041 806 2105 putavit,
848 2041 914 2089 enim
938 2042 1087 2104 cognomina
1111 2042 1216 2093 Octavii.
1252 2043 1341 2107 Neque
1364 2044 1391 2092 in

262 2122 306 2171 sed
331 2129 426 2170 veteres
451 2135 545 2171 amasse
561 2123 624 2170 illud
641 2122 806 2185 gladiatorum
846 2121 961 2183 Propert.
978 2121 1029 2170 111.
1038 2123 1112 2170 m.l.
1128 2138 1202 2170 orara
1214 2124 1285 2170 Deus
1295 2121 1392 2172 Caesar

262 2215 341 2265 genus
357 2216 445 2250 vocare
463 2203 586 2261 Threces,
606 2203 739 2258 Thraecas,
756 2215 806 2249 non
847 2201 911 2268 diter
927 2201 1067 2249 audiretur
1083 2203 1119 2250 ad
1133 2203 1226 2259 Indos,
1242 2201 1389 2250 mutandum

264 2282 392 2340 Thracas,
417 2281 483 2344 quod
510 2281 589 2343 magis
620 2279 748 2344 proprium
774 2280 805 2329 sit
847 2293 915 2326 meras
940 2278 1048 2339 Caesar,
1082 2287 1110 2328 ut
1139 2279 1237 2328 volebat
1264 2280 1390 2338 Heinsius,

261 2375 335 2410 verae
353 2361 433 2424 genti,
449 2375 500 2409 non
516 2358 700 2422 gladiatoribus.
847 2359 922 2407 Merra
938 2359 1039 2409 decebat
1054 2362 1135 2410 multo
1145 2359 1304 2419 illustriores,
1315 2375 1390 2424 qnam

293 2444 348 2490 Per
364 2445 444 2489 totum
461 2441 505 2488 hoc
522 2445 619 2502 tempas
628 2441 761 2488 amantior
777 2441 805 2488 in
846 2437 1018 2501 Propertium,
1043 2439 1142 2488 decebat
1165 2440 1345 2501 Maecenatem,
1362 2449 1391 2490 nt

260 2521 326 2570 diem
346 2525 371 2569 at
392 2520 480 2567 torum
501 2516 624 2567 Invidiae.
651 2511 744 2568 Noster
766 2521 803 2568 iu·
845 2516 959 2580 Propert.
985 2517 1021 2567 11.
1044 2533 1062 2566 ι
1082 2519 1123 2567 25.
1149 2520 1273 2582 Bellaque
1301 2535 1391 2583 reaque

260 2601 479 2660 suspectaverat
501 2613 560 2645 aaa.
593 2597 649 2647 Alii
673 2597 699 2644 in
720 2604 803 2647 noster
846 2597 885 2644 tui
901 2613 1062 2648 noemorarem
1082 2598 1388 2649 CaesarierdecobatRu·

259 2679 366 2741 cogitant
387 2677 570 2734 Maecenatem,
596 2678 638 2727 alii
663 2677 802 2728 Horatium.
844 2675 926 2724 tilium
943 2677 1085 2736 Gallicum,
1111 2677 1268 2742 amplissimis
1290 2679 1387 2728 honori·

259 2758 390 2826 Maecenas
406 2772 457 2806 non
469 2766 535 2806 recte
546 2758 702 2821 cogitaretur.
720 2759 802 2808 Habe-
844 2754 891 2804 bus
907 2756 1031 2817 functum,
1053 2759 1119 2821 apud
1145 2757 1208 2808 Stat.
1230 2757 1291 2809 Silv.
1308 2760 1330 2808 Ι.
1347 2775 1384 2810 ιι.

258 2834 300 2884 bat
316 2835 358 2885 ille
374 2838 507 2886 Horatium
524 2838 550 2886 in
566 2853 668 2886 nantem
687 2853 802 2895 suorum,
843 2835 883 2884 55.
900 2838 1033 2899 mqttesqroe
1049 2852 1094 2886 sao
1108 2852 1158 2898 pro
1177 2837 1287 2887 Caesare
1303 2855 1386 2889 carae.

257 2915 482 2976 Horatius,minor
497 2917 690 2973 maiorem,non
707 2917 742 2964 ita
759 2917 801 2963 ba·
843 2912 977 2963 Praeterea
1001 2917 1120 2964 Horatius
1151 2917 1321 2968 Maecenatem
1345 2921 1386 2969 hic

257 2993 337 3043 bebat.
363 2995 495 3056 Augustus
513 2993 633 3044 scribebat
650 2995 800 3042 Maecenati:
842 3006 893 3040 non
903 2992 1049 3055 appellasset
1060 3001 1186 3051 nostram,
1203 2997 1262 3059 quia
1275 2999 1385 3047 nondum

247 3067 389 3123 ‘Horatium
411 3079 525 3121 nostrum
542 3078 567 3120 te
584 3072 658 3135 cupio
672 3073 799 3122 adducere:
841 3077 954 3132 receptus
978 3078 1031 3119 erat
1055 3071 1082 3118 in
1103 3087 1159 3120 eam
1179 3072 1384 3138 familiaritatem,

254 3152 376 3202 Horatius
411 3165 461 3199 non
494 3151 609 3200 scriberet
644 3153 799 3201 Maecenati:
841 3163 891 3213 qna
914 3149 959 3196 diu
982 3150 1098 3213 probatus
1114 3159 1199 3214 postea
1215 3153 1315 3202 demum
1332 3155 1383 3218 glo-

254 3231 336 3281 saluta
351 3232 497 3294 Augustum
513 3238 639 3282 ιιοιινιιηι.
665 3233 799 3294 Augustus
840 3229 900 3277 riari
916 3230 1003 3292 potuit.
1034 3231 1109 3280 Nunc
1125 3238 1178 3280 erat
1195 3231 1262 3281 illius
1277 3235 1383 3297 amiens,

254 3310 351 3359 dicebat
368 3311 480 3360 Tiberio:
498 3312 532 3360 mi
546 3309 640 3360 Tiberi.
673 3312 713 3360 Ne
725 3311 797 3362 Tibe·
840 3309 962 3358 duntaxat
977 3311 1009 3358 ad
1026 3311 1085 3367 hoc,
1101 3317 1130 3360 nt
1147 3311 1295 3363 iterfaciens
1306 3316 1383 3364 rheda

252 3391 304 3439 rius
313 3391 532 3454 quidemdixisset2
542 3393 702 3454 miAuymte,
712 3392 797 3440 Mark.
839 3386 943 3444 tolleret,
959 3393 985 3435 et
1000 3403 1081 3451 nugas
1097 3390 1121 3438 ci
1136 3391 1253 3440 crederet.
1272 3391 1299 3441 Si
1311 3393 1381 3443 Mae·

252 3468 340 3519 landus
357 3471 515 3535 reprehendit
531 3471 601 3528 iilud,
619 3472 685 3533 qnod
704 3471 796 3536 legitur
838 3481 912 3516 conas
933 3468 984 3516 iam
1007 3468 1101 3532 legeret
1126 3473 1219 3520 Noster
1244 3471 1381 3522 Maecenas

166 3595 167 3598 ,
252 3550 279 3598 in
295 3551 408 3615 Propera,
432 3552 545 3600 11.v11r
567 3551 590 3598 8.
618 3553 657 3600 Et
679 3553 797 3602 Romana
838 3545 890 3596 aaa
905 3539 1089 3598 nrecam'ludoe
1112 3551 1252 3611 spectavit,
1276 3549 1381 3600 dixisset

251 3632 300 3680 area·
319 3633 400 3680 dicere
420 3636 506 3680 castra
530 3631 607 3680 dacia.
637 3630 708 3692 quasi
735 3633 795 3681 satis
837 3627 953 3686 fortasse,
980 3629 1053 3691 quod‘
1080 3629 1214 3691 Angustus
1245 3628 1380 3693 aliqnando

251 3709 404 3760 familiariter
421 3709 553 3774 Angusto,
577 3724 651 3773 quem
668 3709 727 3758 alibi
743 3711 794 3761 III.
835 3707 915 3756 amieo
931 3722 1033 3757 coenam
1048 3710 1146 3773 parcius
1161 3710 1303 3774 praebenti:
1320 3725 1378 3770 „ne-

152 3793 153 3796 ’
250 3803 289 3838 ιιι.
309 3790 330 3838 1.
347 3795 417 3838 vocet
434 3791 525 3839 Deam.
551 3789 620 3850 Ergo
637 3795 661 3836 et
677 3788 792 3852 hiolege·
834 3787 941 3836 sciebam
950 3796 1120 3840 nosessatam
1131 3791 1245 3839 amieos.“
1257 3789 1377 3839 Horatius

216 3931 220 3938 ι
249 3867 303 3916 bat:
320 3870 372 3932 Dei
384 3866 536 3926 dacie,licet
548 3867 621 3918 Ovid.
633 3869 692 3916 Art.
704 3868 725 3917 I.
734 3868 791 3919 202,
834 3873 920 3929 postea
941 3868 1112 3918 Maecenatem
1132 3884 1221 3919 vocare
1242 3870 1323 3932 potuit
1339 3873 1376 3918 di-

249 3948 335 3996 eodem
359 3948 432 3995 modo
465 3948 495 3994 de
524 3946 642 4008 Augusto
668 3947 789 4011 loquatur.
834 3948 934 4006 lectum,
950 3948 1012 4010 quin
1029 3947 1114 3998 Carm.
1126 3948 1174 3998 IV.
1187 3963 1225 3996 x1.
1238 3951 1277 4001 17.
1294 3950 1375 4012 ipsnm

248 4026 304 4085 Est,
319 4026 346 4074 ni
363 4025 443 4084 fallor,
464 4025 595 4074 discrimen
612 4027 677 4075 inter
693 4030 790 4091 dapas-
833 4025 897 4074 illud
913 4042 990 4076 mars.
1018 4029 1083 4076 Iure
1098 4029 1208 4077 solennia
1224 4030 1288 4076 mibi
1303 4044 1374 4079 soac-

247 4111 303 4154 tam
311 4111 540 4165 meum,aostrum,
557 4112 581 4154 et
598 4108 685 4156 dacem
701 4123 790 4169 meum,
833 4108 931 4168 tiorqua
962 4108 1050 4156 Pocae
1065 4107 1151 4155 natali
1169 4108 1290 4170 proprto3
1309 4111 1377 4171 qaod

246 4190 368 4234 nostram.
401 4185 468 4234 Nam
485 4187 539 4234 dua
555 4192 592 4233 est
607 4185 693 4234 titulus
711 4187 788 4236 hono·
831 4200 862 4234 ea
878 4187 926 4235 boo
951 4187 1170 4235 tarataram
1185 4201 1253 4235 mm
1268 4187 1373 4251 afflara-

247 4263 289 4323 ris,
314 4265 402 4314 Horat.
427 4262 510 4314 Oarm.
536 4264 584 4314 IV.
609 4279 635 4314 V.
662 4267 789 4328 Lonpaeo
831 4270 867 4314 tes
903 4265 1015 4314 ordinat
1031 4280 1116 4314 aanor.
1419 4309 1422 4314 .

246 4346 359 4403 atinam,
381 4347 434 4394 dua
459 4345 531 4402 bom,
549 4344 636 4406 ferias
669 4347 789 4395 Praestet
864 4345 958 4394 Noster
985 4343 1062 4407 igitur
1092 4357 1161 4392 nunc
1185 4343 1219 4392 sit
1242 4343 1370 4394 Horatius.
1395 4363 1400 4370 ·

247 4425 394 4488 Hesperiae.
429 4425 492 4472 Dua
509 4430 592 4472 autem
602 4424 788 4488 Augustusap·
830 4424 917 4488 Atque
937 4424 972 4472 ita
987 4423 1127 4473 Bentleius:
1157 4423 1270 4486 iungenti
1286 4428 1369 4474 tamen

247 4503 352 4568 pellatur
374 4511 425 4555 tam
448 4505 473 4554 in
495 4519 554 4569 pace
576 4519 651 4569 quam
672 4504 697 4552 in
715 4503 788 4559 bello,
829 4504 959 4553 satiatior
975 4505 1004 4554 ia
1019 4505 1083 4553 dieta
1099 4509 1125 4552 et
1141 4505 1227 4553 baana
1253 4505 1370 4554 Insidiae
