3542 5634
274 514 282 546 ¹
680 495 862 568 LIBER
908 497 950 559 ll.

293 687 486 754 stultitiane
510 689 608 767 erret,
634 683 776 748 nihilum
800 683 954 765 distabit,
979 705 1021 747 an
1043 683 1098 748 ira

290 791 377 856 Aiax
400 812 501 875 quum
524 787 704 852 immeritos
728 785 863 867 occidit,
889 786 1024 871 desipit,
1048 772 1169 872 agnos3

292 895 400 974 Quum
423 893 565 979 prudens
590 891 694 957 scelus
718 890 759 955 ob
783 890 898 955 titulos
922 890 1071 956 admittis
1094 891 1227 976 inanes,

291 998 366 1063 Stes
382 997 511 1062 animo?
527 1001 560 1060 et
570 1016 689 1081 purum
701 999 752 1059 est
762 993 844 1059 vitio
855 993 928 1077 tibi,
939 1016 1040 1079 quum
1052 995 1216 1060 tumidum
1229 1000 1291 1080 est,
1302 999 1375 1061 cor?

291 1100 326 1166 Si
350 1100 422 1186 quis
447 1087 724 1166 lectiea‘nitidam
747 1101 875 1182 gestare
898 1103 986 1163 amet
1008 1120 1146 1183 agnam,

290 1204 377 1270 Huic
400 1208 525 1269 vestem
547 1207 586 1268 ut
607 1206 727 1287 gnatae
749 1207 857 1286 paret,
881 1201 1018 1267 ancillas
1041 1208 1150 1288 paret,
1174 1225 1307 1287 aurum,

290 1307 411 1372 Rufam
434 1312 492 1372 aut
515 1305 676 1371 Pusillam
699 1305 858 1390 appellet,
883 1304 1024 1389 fortique
1045 1305 1164 1371 marito

291 1411 442 1476 Destinet
464 1431 612 1486 uxorem;
636 1408 809 1474 interdicto
831 1408 908 1473 huic
931 1430 1026 1473 omne
1049 1409 1173 1474 adimat
1195 1410 1247 1474 ius

290 1514 440 1597 Praetor,
464 1518 497 1578 et
520 1513 561 1578 ad
584 1534 680 1578 sanos
704 1512 799 1577 abeat
821 1512 926 1577 tutela
947 1512 1161 1599 propinquos:

290 1615 394 1700 Quid,
419 1617 448 1682 si
470 1617 543 1703 quis
559 1621 695 1702 gnatam
717 1637 776 1702 pro
798 1621 893 1681 muta
915 1617 1051 1682 devovet
1073 1639 1176 1702 agna,

290 1721 421 1805 Integer
443 1726 494 1786 est
516 1721 640 1785 animi?
685 1720 735 1784 Ne
759 1719 890 1785 dixeris.
937 1719 1026 1805 Ergo
1048 1720 1106 1784 ubi
1128 1743 1229 1806 prava

291 1823 460 1909 Stultitia,
483 1825 537 1888 hic
560 1846 690 1890 summa
712 1827 762 1888 θεῖ
785 1823 931 1901 insania3
956 1824 1012 1908 qui
1035 1824 1226 1908 sceleratus,

290 1927 336 1992 Et
357 1926 499 1994 finiosus
524 1928 603 2006 erit3
629 1949 726 2012 quem
749 1926 835 2011 cepit
857 1927 961 1991 vitrea
982 1926 1087 2010 fama,

215 2077 217 2086 .
290 2030 386 2095 Hunc
410 2030 642 2096 circumtonuit
663 2029 810 2114 gaudens
836 2029 976 2094 Bellona
999 2031 1151 2096 cruentis.

243 2214 316 2269 caput
332 2207 440 2270 agitatur
460 2215 488 2256 ut
508 2222 578 2256 mare
599 2209 787 2256 tantaltuesum.
828 2205 877 2268 leg.
902 2207 1010 2268 opacae.
1044 2207 1278 2258 Poen.I.11.142
1312 2212 1372 2260 Iam

245 2285 317 2336 Conf.
342 2288 474 2337 Ruhnken.
492 2289 523 2336 ad
547 2287 614 2336 Vell.
637 2289 734 2337 Paterc.
751 2287 787 2335 II.
829 2287 910 2334 hercle
925 2291 954 2333 tu
968 2286 1074 2347 peristi,
1090 2288 1142 2334 aiei
1157 2289 1230 2336 wem
1246 2291 1308 2338 mibi
1319 2296 1372 2340 tum

244 2366 284 2416 79.
319 2369 389 2415 Dum
414 2369 481 2416 inter
506 2370 591 2417 ducem
612 2373 637 2417 θῖ
652 2369 788 2430 supplicem
828 2365 994 2427 tranquillum
1014 2363 1086 2426 sucat
1128 2367 1212 2426 Quam
1239 2384 1309 2419 mare
1334 2378 1373 2421 θεῖ

245 2445 687 2510 tumultuatumquisignificationem
697 2449 788 2495 tamal-
828 2447 902 2506 elim,
930 2461 986 2494 cum
1013 2447 1050 2493 iii
1073 2448 1156 2495 alcedo
1180 2450 1264 2510 pallos
1289 2453 1373 2501 educit

244 2529 287 2573 tus
303 2527 402 2588 egregie
416 2526 530 2575 illustrat.
828 2539 894 2574 euos.
926 2525 958 2573 In
982 2524 1136 2573 Mostellaria
1156 2525 1290 2589 legendum
1306 2531 1372 2579 vide·

277 2604 425 2652 Doderlinns
437 2605 522 2654 laudat
532 2605 648 2654 Blandin.
659 2605 721 2655 Cod.
731 2606 788 2654 scri-
828 2611 881 2652 tur:
902 2607 967 2653 Tam
981 2606 1086 2666 placida
1103 2610 1152 2663 θεῖ,
1164 2621 1240 2668 quam
1249 2613 1287 2656 θεῖ
1298 2624 1371 2672 afflue.

243 2691 355 2746 pturam,
372 2699 476 2749 eamque
500 2685 535 2734 sio
559 2685 671 2748 exponit:
689 2693 731 2744 „et
754 2686 788 2742 is,
829 2684 929 2733 Terent.
946 2684 1054 2747 Adelph.
1071 2684 1120 2733 IV.
1137 2698 1153 2732 1.
1173 2685 1211 2734 18.
1228 2703 1304 2748 qaum
1315 2688 1371 2752 ser·

242 2763 287 2826 qni
303 2763 394 2826 species
408 2764 471 2812 alias
488 2779 562 2827 quam
578 2779 648 2813 veras
666 2765 788 2828 capiet,et
827 2770 868 2813 oet
892 2766 1012 2823 maxime,
1049 2765 1112 2812 Tam
1137 2763 1267 2826 placidum
1296 2783 1372 2830 quam

243 2840 299 2899 ille,
320 2842 362 2905 qui
383 2843 474 2904 species
494 2843 593 2891 sceleris
609 2844 719 2891 tumultu
734 2858 787 2905 per-
827 2857 895 2890 ecem
910 2845 993 2892 reddo.

242 2920 334 2968 mixtas
359 2922 450 2982 capiet,
475 2928 578 2985 uterque
595 2929 730 2970 commotus
746 2921 787 2970 vel
861 2923 905 2968 Ad
919 2937 994 2972 tanos
1016 2925 1090 2970 αῖθαῖ
1113 2925 1193 2971 tutela
1211 2927 1371 2989 propinquos

241 3000 344 3046 insanus
361 2999 414 3047 erit.
448 3001 592 3047 Habebitne
608 3014 658 3047 non
675 3000 786 3047 estidem
827 3001 874 3048 Hic
890 3000 961 3047 abeat
977 3001 1067 3060 tutela,
1092 3000 1144 3062 ipse
1168 3008 1206 3049 est
1228 3003 1318 3064 tutela,
1343 3014 1371 3054 nt

240 3079 308 3141 quod
323 3079 470 3140 putabitur,
488 3077 530 3125 sed
547 3091 633 3125 revera
649 3081 722 3131 eritf‘
826 3078 939 3140 Propert.
956 3078 1004 3127 IV.
1026 3092 1084 3126 vm.
1106 3080 1129 3127 3.
1165 3082 1306 3130 Lanatam
1327 3099 1370 3132 an·

278 3158 352 3204 Furti
368 3157 466 3205 meato.
499 3157 697 3220 Interpretantur
718 3153 786 3220 pate·
826 3159 879 3206 nesi
904 3163 977 3205 vetat
1000 3163 1038 3205 eet
1063 3158 1145 3205 tutela
1170 3157 1304 3209 Draconis.
1328 3163 1370 3211 ubi

241 3251 328 3284 rosam
345 3240 370 3283 et
386 3237 548 3294 honeratam,
573 3243 597 3284 et
614 3236 688 3294 Satin.
706 3237 741 3286 II.
759 3253 786 3288 v.
826 3239 914 3286 Burm.
931 3236 979 3284 alia
994 3235 1084 3285 ebulit.
1114 3235 1160 3285 Ille
1182 3240 1267 3298 abeat,
1288 3248 1317 3289 ut
1332 3257 1369 3291 vs.

143 3355 149 3377 ,
241 3316 282 3363 64.
294 3314 365 3377 serti
380 3317 455 3362 nabet
469 3330 573 3377 procera
596 3316 694 3366 Corano
718 3319 788 3366 Filia
825 3317 882 3366 246.
899 3332 1017 3380 quereum
1033 3315 1144 3365 amant?

245 3396 367 3442 Nasicae:
392 3402 520 3443 suentium
537 3395 653 3458 militem,
675 3405 697 3445 et
719 3398 786 3460 inge·
859 3397 941 3444 Hanc
955 3397 1252 3458 cucumtcnuitpaudem
1262 3398 1371 3448 Bellene

241 3472 284 3520 nio
301 3480 441 3537 promptum
458 3482 483 3522 et
497 3474 609 3524 liberum.
644 3474 787 3537 Credoser·
826 3477 944 3524 meantia
987 3474 1121 3538 Accipiunt
1151 3489 1196 3538 pro
1232 3477 1370 3526 hominihus

242 3557 292 3602 tem
308 3554 424 3601 maritum
441 3567 494 3602 esse
509 3570 559 3602 aas
583 3555 691 3613 mollem,
716 3554 786 3604 robn-
827 3557 952 3614 cruentis,
984 3553 1142 3603 bellatoribus
1166 3554 1207 3601 vel
1234 3554 1369 3605 cultoribus

241 3637 323 3692 stum,
339 3640 368 3680 nt
383 3632 452 3681 fortis
469 3633 557 3681 dicitur
574 3633 682 3697 agricola
693 3635 786 3686 Tibull.
826 3635 951 3692 Bellonae,
967 3637 1010 3700 qui
1026 3635 1073 3683 sibi
1089 3635 1192 3683 lacertos
1213 3642 1238 3683 et
1254 3636 1368 3684 humeros

242 3709 367 3760 11.11.14.
392 3711 466 3775 Virg.
479 3711 570 3776 Georg.
583 3713 632 3762 111.
644 3714 700 3764 288.
728 3715 787 3766 Sive
826 3717 970 3775 concidunt,
991 3715 1032 3764 vel
1047 3717 1119 3764 rebus
1134 3717 1254 3773 θεειθηῖίε,
1274 3730 1368 3764 maere

233 3791 315 3852 fertis
331 3793 402 3850 hine,
418 3793 472 3841 sive
488 3808 503 3840 a
516 3795 610 3854 proelia
627 3795 658 3842 ad
669 3796 787 3844 maritum
826 3795 978 3859 Requiritur,
994 3803 1067 3858 puto,
1084 3794 1183 3858 aliquid,
1200 3810 1249 3858 qne
1264 3793 1369 3842 Bellona

241 3872 399 3931 transfertur,
424 3872 503 3936 qualis
527 3873 671 3935 metaphora
691 3888 723 3923 ex
739 3876 786 3924 Pe·
826 3889 884 3923 eum
909 3875 1089 3924 circumtonuit.
1122 3875 1191 3936 Quid
1216 3881 1299 3923 antem
1320 3876 1368 3924 cir·

240 3952 322 3998 tronis
330 3959 390 4000 nota
398 3958 441 4010 est,
453 3953 563 3999 maritus
567 3951 648 4015 sertia
655 3950 736 4016 lepide
744 3969 785 4017 op·
826 3956 981 4004 cumtcnait?
1012 3953 1219 4016 Interpretantnr,
1239 3954 1369 4001 chonmto·

241 4029 341 4092 ponitur
357 4029 702 4094 epacaanimalculotenero.
719 4033 786 4082 Hinc
825 4034 880 4082 nuit
909 4033 969 4081 tuba
998 4031 1079 4080 bellici
1108 4031 1211 4088 fitteris,
1237 4032 1368 4079 attonitum

240 4111 367 4158 emendem
392 4110 474 4158 Plaut.
500 4109 575 4159 Most.
600 4109 650 4158 ΠΙ.
676 4125 703 4159 11.
732 4113 786 4161 165.
826 4112 1000 4177 ἐμβρόντητον
1016 4110 1087 4167 fecii,
1104 4110 1283 4158 circumtonat
1298 4111 1368 4165 tolet.

244 4191 308 4236 Tam
321 4191 426 4251 placida
442 4195 491 4248 θεῖ,
508 4205 583 4252 quam
600 4194 639 4237 eet
655 4205 729 4252 aqua.
758 4191 786 4242 Si
825 4192 883 4247 Fac,
901 4191 1010 4238 Bellona
1027 4189 1108 4238 tortait
1126 4190 1221 4238 circam
1241 4191 1368 4238 butenen

241 4267 346 4317 Plautus
360 4285 451 4332 aquam
463 4275 599 4330 comparat,
609 4269 677 4316 addit
685 4268 785 4333 aliquid,
825 4269 925 4318 differre
941 4284 957 4316 a
966 4267 1038 4316 solito
1050 4269 1158 4316 Bellona
1169 4269 1236 4316 hunc
1246 4271 1367 4327 attonuit,

240 4363 290 4411 quo
308 4365 374 4411 aqua
386 4363 439 4396 esse
448 4349 549 4410 placida
560 4346 714 4410 intelligitur.
731 4347 786 4397 Mil.
824 4364 875 4398 non
891 4347 1017 4410 perspicue
1033 4346 1092 4394 eatis
1109 4359 1142 4393 ex
1157 4348 1267 4408 eandm
1281 4362 1367 4396 craen-

241 4427 312 4477 Glor.
331 4427 468 4480 111.1.7o.
505 4427 657 4488 Opueleai?
671 4430 787 4478 leniorem
825 4432 860 4478 tia
883 4426 1029 4490 intelligitur
1052 4439 1106 4472 mos
1122 4423 1242 4474 fanahcns
1258 4428 1367 4475 sacerdo·

240 4509 306 4558 dicet
344 4523 419 4570 quent
444 4513 541 4556 matam
566 4512 604 4556 aet
627 4522 704 4556 mare.
737 4507 786 4556 Ubi
825 4517 891 4566 tum,
909 4507 951 4570 qui
973 4521 1000 4555 se
1021 4503 1188 4556 cruentabant.
1221 4506 1279 4555 Non
1296 4509 1368 4555 credo
