3542 5634
434 538 497 602 162
824 527 1165 596 SATIRARUM

481 725 544 790 Est
565 743 647 808 opus
671 721 771 802 hac,“
796 717 865 798 ait,
890 723 943 782 et:
968 715 1116 799 „valeas3
1139 736 1193 779 me
1215 715 1299 780 silva
1320 737 1482 801 cavosque

481 828 582 893 Tutus
605 825 646 891 ab
670 821 799 890 insidiis
822 821 915 887 tenui
938 819 1097 886 solabitur
1121 821 1229 884 ervo.“

468 964 598 1014 Maeona
619 976 742 1025 comaque
772 958 975 1009 rbcmatimi-
1014 957 1068 1006 loeo
1089 965 1203 1019 corrupto
1232 955 1315 1006 casm.
1337 958 1359 1006 I.
1383 973 1402 1006 ι.
1425 957 1467 1006 38.
1497 959 1563 1006 Post

435 1047 486 1094 diis
503 1043 783 1094 tmaitolabitarcrto.
817 1038 898 1088 Pecus
908 1052 976 1096 ervo,
1015 1044 1100 1087 autem
1124 1039 1196 1095 rari,
1217 1040 1270 1085 uisi
1290 1044 1320 1086 ta
1336 1053 1448 1088 comeam
1464 1039 1562 1098 odnie,

435 1123 566 1188 leguminis
596 1134 701 1185 genere,
728 1120 865 1182 saginatur.
907 1115 977 1167 cons.
1017 1120 1086 1172 Aut,
1101 1118 1176 1180 qamt
1192 1118 1344 1173 lumbricus,
1361 1124 1464 1166 imam.
1498 1117 1561 1166 Por·

435 1202 531 1253 Fabric.
548 1201 579 1249 ad
596 1200 670 1262 Virg.
687 1198 741 1248 Ed.
757 1197 808 1246 111.
829 1197 883 1247 loo.
911 1196 978 1245 Hinc
1016 1203 1092 1244 tasse:
1111 1197 1283 1253 Postuertam,
1300 1199 1357 1242 rari
1373 1196 1424 1242 nisi
1440 1200 1563 1244 tueracm

436 1284 543 1333 Plautus
578 1278 686 1330 Mostell.
718 1279 740 1327 1.
765 1293 783 1326 r.
808 1277 849 1325 te.
883 1277 979 1325 Ervom
996 1252 999 1297 Ι
1018 1277 1056 1324 aii
1074 1277 1159 1328 ederit·
1183 1273 1315 1323 Turnebus
1332 1262 1441 1337 legebam
1464 1276 1515 1322 nisi
1532 1281 1564 1340 “i

436 1363 548 1413 datatim
576 1361 647 1418 estis,
681 1360 758 1408 baim
784 1358 849 1419 qued
874 1357 978 1417 serata?
1018 1369 1102 1404 marea
1115 1356 1247 1405 decem
1262 1356 1348 1404 ederis.
1382 1353 1487 1404 Salmas.
1503 1369 1563 1404 acer

436 1443 507 1491 Idem
532 1438 636 1488 verbum
660 1443 720 1500 puto
748 1434 927 1483 restituendum
953 1433 980 1482 in
1020 1435 1099 1483 tcum

921 1560 1080 1588 w

839 1695 1049 1762 SATIRA
1093 1696 1168 1760 Vll.

485 1829 587 1914 „Iam
616 1846 739 1911 dudum
760 1843 910 1908 ausculto
944 1846 976 1905 et
998 1840 1132 1925 cupiens
1157 1839 1219 1903 tibi
1241 1840 1345 1906 dicere
1368 1864 1479 1907 servus

604 2002 739 2052 SATIRA
760 2001 815 2048 VH
1018 1965 1392 2038 yersusfacisetsuris,cultum
1403 1967 1565 2018 habescensu

818 2035 825 2048 ”
1018 2046 1149 2102 maiorem,
1167 2059 1241 2093 amas.
1259 2045 1387 2104 Horatius,
1399 2046 1449 2095 iam
1465 2049 1564 2097 dudum

468 2097 539 2182 Iam
564 2134 660 2182 dudam
680 2133 795 2182 amcalto
823 2136 849 2179 ct
873 2130 977 2192 cupierit
1017 2124 1108 2182 nami,
1133 2125 1314 2189 Damasippum
1338 2127 1374 2175 sic
1395 2128 1507 2176 dimittit:
1540 2132 1565 2179 0

437 2214 485 2262 tibi
499 2212 581 2262 diacre
601 2226 689 2261 smus
721 2213 813 2260 Pauca
833 2209 977 2271 reformido.
1018 2206 1099 2254 maior
1119 2207 1221 2254 tandem
1239 2220 1333 2266 pmccs
1353 2208 1443 2255 iusum
1461 2210 1564 2258 minori.

436 2292 512 2342 Hunc
536 2285 649 2349 rersdm,
674 2291 710 2340 ait
729 2290 872 2346 Bentleius,
894 2295 919 2338 et
942 2302 978 2336 se·
1019 2284 1107 2332 Davus
1131 2285 1207 2332 istum
1232 2298 1368 2334 sermonem
1384 2286 1484 2335 Horatii
1504 2303 1564 2337 eum

439 2370 979 2436 quentesmireexagitantinterpretes,quo-
1019 2363 1170 2426 Damasippo
1195 2365 1330 2414 audiverat.
1363 2365 1413 2414 Hic
1436 2382 1494 2415 cum
1510 2369 1562 2417 dis-

438 2466 494 2499 rum
510 2450 551 2498 hic
568 2449 619 2498 iere
635 2456 671 2498 tot
694 2448 842 2507 sententiae,
864 2453 925 2510 quot
940 2461 979 2494 oa·
1020 2443 1138 2499 cessisset,
1154 2457 1241 2492 servus
1261 2445 1397 2496 orationem
1413 2445 1479 2495 illius
1496 2450 1565 2496 exci-

437 2530 495 2593 pita.
523 2530 584 2578 Post
600 2529 701 2592 longam
717 2527 908 2592 disputationem
923 2539 979 2574 cou-
1021 2522 1064 2585 pit,
1081 2532 1106 2571 ct
1121 2537 1181 2570 usus
1196 2524 1308 2574 libertato
1329 2526 1461 2574 Decembri
1485 2527 1565 2576 libere

436 2609 503 2658 iicit:
527 2610 586 2658 Iam
610 2610 706 2658 dudam
733 2609 773 2656 hic
789 2609 876 2666 adsta,
897 2611 923 2656 ct
938 2620 979 2654 ca·
1021 2603 1139 2666 explicat,
1156 2605 1214 2667 quid
1229 2605 1277 2653 sibi
1293 2621 1389 2670 qnoque
1406 2607 1431 2654 in
1448 2607 1509 2656 hero
1524 2623 1565 2657 re-

435 2690 506 2751 pient
521 2690 568 2740 titt
583 2689 664 2737 dicere
678 2701 763 2735 servas
794 2688 883 2734 Pauca
900 2683 980 2746 rescr-
1021 2682 1221 2744 prehendendum
1237 2686 1357 2735 videatur.
1375 2686 1494 2735 Horatius
1507 2695 1566 2735 tan-

439 2769 513 2818 mido.
545 2767 615 2817 Haec
631 2781 705 2830 porro
720 2764 840 2828 explicat:
863 2764 919 2812 Iam
935 2763 979 2810 du·
1021 2763 1076 2810 dem
1101 2763 1167 2812 haud
1191 2766 1274 2814 minus
1289 2781 1364 2829 quam
1380 2773 1455 2815 autea
1465 2767 1565 2830 iratus,

438 2846 499 2894 dum
515 2844 625 2894 ausculto
644 2844 702 2903 tibi,
718 2857 856 2892 sermonem
872 2842 979 2905 superio
1021 2841 1122 2891 Davum
1138 2858 1235 2908 quoque
1251 2845 1364 2903 dimittit,
1380 2846 1494 2894 rusticius
1512 2861 1566 2895 ser-

439 2938 492 2974 rem
518 2931 601 2974 tecum
617 2923 742 2981 recitanti3
768 2922 790 2972 si
810 2937 870 2986 pace
891 2928 936 2968 tua
950 2920 980 2969 li·
1021 2923 1344 2987 rumquamphilosophum
1353 2923 1474 2973 stoicum:
1486 2927 1566 2975 Ocius

439 3011 503 3063 oeat,
519 3017 597 3067 pauca
618 3003 708 3062 babeo,
725 3017 788 3067 quae
809 3007 895 3051 contra
910 3013 980 3062 repo·
1022 3003 1080 3050 hinc
1097 3007 1121 3050 te
1147 3003 1184 3051 Ni
1199 3005 1278 3066 rapis,
1297 3006 1394 3053 accedes
1410 3019 1487 3066 opera
1503 3020 1566 3068 aare

439 3097 506 3132 nam.
522 3084 590 3132 Tum
606 3082 695 3131 Davus
711 3081 795 3131 omnia
807 3080 907 3138 refellit,
917 3093 980 3142 quae
1020 3097 1086 3130 acac
1104 3083 1203 3131 Sabino.

438 3162 558 3212 Horatius
574 3163 606 3210 de
621 3176 648 3210 se
664 3162 774 3221 dixerat,
790 3163 854 3210 unde
871 3167 980 3224 apparot,
1053 3160 1075 3210 I.
1100 3161 1249 3224 Rutgeraius
1272 3162 1423 3212 coniecerat:
1448 3164 1481 3212 H.
1505 3167 1566 3216 Iam

440 3243 504 3292 banc
536 3249 561 3292 st
587 3243 771 3290 antecedentem
793 3241 899 3292 Satiram
927 3253 981 3288 esse
1021 3241 1116 3288 dudam
1140 3242 1262 3289 amcalte.
1295 3240 1328 3290 D.
1346 3249 1374 3290 at
1396 3247 1501 3306 capiens
1517 3246 1566 3294 tibi

439 3335 529 3372 uuam:
553 3328 578 3370 et
601 3321 627 3370 in
642 3319 727 3369 multis
749 3319 824 3370 MSS.
849 3334 899 3368 non
923 3325 982 3366 suut
1022 3319 1193 3367 dicmseraus
1209 3321 1450 3384 Paucarffcrmido.
1461 3322 1497 3370 Η.
1506 3325 1567 3372 Dc·

440 3400 540 3450 divisse.
573 3400 630 3463 Ego
646 3398 685 3448 hic
696 3398 771 3449 MSS.
782 3398 875 3462 aliquid
891 3398 980 3446 tribue·
1022 3399 1114 3446 vam?
1137 3397 1169 3446 D.
1181 3400 1333 3448 ItaDceas.
1351 3399 1487 3462 „Qfflmvis
1494 3402 1567 3460 baec,

440 3493 506 3538 rem,
530 3478 553 3527 si
568 3492 600 3527 ex
623 3479 705 3528 Satira
720 3477 762 3527 VI
784 3477 901 3526 sciremus
921 3478 981 3526 haec
1022 3477 1056 3524 ait
1071 3476 1209 3536 Bentleius,
1233 3478 1335 3527 meliora
1359 3488 1418 3528 sunt
1437 3481 1564 3540 fortassis„

441 3559 483 3620 agi
500 3558 678 3608 Saturnalibus.
707 3557 796 3607 Altum
818 3557 852 3605 ibi
872 3557 981 3607 detesto
1022 3571 1096 3619 quam
1118 3572 1180 3620 quae
1201 3558 1277 3620 vulgo
1292 3559 1440 3618 afferuntur,
1461 3572 1567 3624 peccant

440 3638 576 3688 silentium.
592 3634 982 3700 LibrariiautemOarminaquo·
1023 3643 1105 3685 tamen
1121 3637 1227 3700 etipsa,
1250 3653 1329 3702 neque
1350 3641 1416 3688 inter
1435 3655 1462 3689 se
1477 3642 1565 3691 cohae-

441 3731 489 3779 que
509 3730 581 3779 saepe
605 3731 671 3765 nunc
695 3715 759 3764 male
789 3716 981 3775 coniunxerunt,
1023 3723 1085 3764 rent.
1117 3715 1167 3776 Qui
1183 3718 1248 3765 enim
1265 3719 1315 3766 iam
1332 3721 1565 3770 cadantaamalra·

441 3810 508 3843 nunc
524 3802 675 3857 separarunt.
710 3794 801 3856 Opinio
822 3794 930 3844 Bentleii
946 3810 982 3845 es-
1024 3797 1077 3856 ait,
1100 3795 1154 3843 aine
1174 3797 1249 3846 dubio
1270 3798 1442 3861 interpellandi
1459 3801 1498 3848 sui
1521 3817 1565 3863 po-

441 3880 478 3922 set
494 3873 664 3931 verosimilior,
680 3873 702 3921 si
712 3873 807 3922 librarii
823 3872 983 3925 SatiramIII
1023 3881 1136 3924 testatem
1164 3877 1213 3926 iam
1240 3886 1312 3927 antea
1341 3880 1442 3928 fecerat:
1470 3887 1497 3928 et
1526 3881 1567 3928 hie

441 3959 466 4002 et
482 3952 538 4004 vn
559 3953 751 4002 coniunxissent.
784 3953 826 4002 Ex
847 3952 983 4003 coniunctis
1023 3953 1110 4017 quinto
1133 3957 1232 4005 demum
1257 3965 1312 4021 post
1333 3973 1414 4022 xversu
1438 3963 1567 4008 manandi

441 4033 498 4084 talis
522 4033 643 4084 sententia
672 4031 788 4081 oriretur:
813 4032 932 4082 Horatius
956 4049 983 4083 se
1024 4034 1066 4082 dat
1082 4036 1186 4085 veniam.
1209 4037 1284 4086 Mitto
1300 4037 1360 4095 alia,
1374 4037 1502 4086 brevitatis
1515 4045 1567 4087 stu-

441 4129 484 4164 rus
500 4111 636 4164 contulerat
651 4111 710 4175 ipsis
728 4111 909 4162 Saturnalibus.
932 4114 983 4163 Da·
1024 4113 1071 4172 dio,
1088 4129 1152 4177 quae
1167 4117 1255 4165 merito
1278 4117 1320 4164 hic
1343 4118 1489 4180 reprehendi
1510 4132 1566 4180 pos-

441 4195 566 4258 masippus
583 4208 641 4242 curn
657 4206 686 4241 eo
709 4191 862 4257 colloquens,
884 4201 982 4244 conten·
1023 4197 1100 4241 sent.“
1127 4193 1197 4254 Quae
1205 4196 1334 4245 Bentleius
1346 4197 1435 4255 omisit,
1452 4198 1566 4255 minoris,

441 4273 489 4333 dit,
505 4287 574 4322 more
598 4272 695 4329 Stoico,
716 4286 800 4320 omnes
818 4272 929 4322 homines
946 4274 982 4322 in·
1023 4274 1108 4330 credo,
1124 4281 1196 4323 erant
1211 4275 1343 4334 momenti,
1355 4290 1430 4339 quam
1441 4289 1503 4339 quae
1514 4289 1567 4325 me·

441 4353 530 4402 sanire.
562 4352 681 4400 Horatius
706 4353 806 4400 tandem
827 4359 913 4414 rogat,
934 4367 983 4416 quo
1024 4355 1072 4403 rito
1088 4353 1233 4416 reprehendi
1249 4369 1318 4417 posse
1331 4356 1461 4404 iudicabat.
1477 4355 1568 4418 Neque

442 4432 517 4481 animi
533 4432 593 4481 vitio
609 4446 635 4480 se
650 4431 760 4481 laborare
776 4437 879 4494 putaret.
907 4433 982 4480 Aedi-
1023 4450 1069 4497 ego
1085 4434 1212 4482 inventum
1229 4435 1422 4498 Rntgcrsiauum
1435 4437 1520 4499 magni
1531 4436 1567 4483 fa-

442 4511 508 4571 frcas,
519 4511 598 4575 inquit
613 4511 786 4574 Damasippus,
798 4517 875 4559 certas
889 4513 983 4568 maiori,
1023 4512 1067 4561 cio.
1110 4514 1175 4562 Nam
1203 4513 1304 4562 minime
1331 4528 1392 4575 opus
1417 4522 1472 4562 erat
1493 4530 1569 4563 servo
