3542 5634
694 470 874 535 LIBER
920 474 962 537 ΙΙ.

304 659 485 722 Decurrens
509 656 589 738 alie,
615 679 719 742 neque
742 658 891 724 sibene:
916 682 979 745 quo
1003 661 1057 744 fit,
1082 668 1120 727 ut
1143 663 1250 727 omnis

251 755 254 761 ’
301 760 423 825 Votiva
444 765 557 844 pateat
579 759 682 823 veluti
706 760 869 845 descripta
892 763 1014 828 tabella

301 863 380 928 Vite
402 862 498 927 senis.
548 855 671 947 Sequor
693 862 796 946 hunc,
822 864 973 931 Lucanus
997 889 1040 932 en
1062 869 1227 954 Appulus,
1251 891 1390 956 anceps:

255 990 294 1039 his
315 988 449 1054 exemplis,
475 992 506 1038 ad
527 989 721 1039 confirmandam
737 991 804 1039 simi-
845 993 885 1042 cui
901 995 943 1044 vel
959 995 1017 1046 bene
1031 997 1072 1047 vel
1084 999 1150 1048 mole
1160 999 1248 1058 cedat,
1264 1001 1331 1063 quod
1343 1000 1391 1048 for-

254 1069 304 1118 lem
320 1070 516 1119 emendationem
533 1069 631 1118 Heinsii
649 1070 677 1118 in
692 1069 805 1127 Velleio,
845 1079 921 1121 tunae
947 1074 1027 1136 potius
1050 1090 1125 1138 quam
1146 1091 1265 1140 personae
1286 1079 1391 1127 adscribi

255 1153 281 1196 et
301 1148 384 1196 sordes
406 1148 466 1196 istae
487 1148 596 1196 cadentis
615 1147 760 1197 Latinitatis
778 1149 804 1196 in
844 1151 928 1212 debct;
945 1160 974 1202 ut
989 1155 1102 1203 omittam
1120 1156 1150 1204 τὸ
1166 1162 1338 1205 curerutnon
1353 1172 1391 1205 sa·

256 1225 327 1273 bonis
350 1225 509 1288 scriptoribus
526 1239 577 1274 non
593 1239 646 1274 esse
662 1223 803 1273 tolerandas
844 1229 875 1278 tis
898 1238 954 1293 apte
975 1246 1046 1294 posse
1067 1235 1245 1282 accommodari
1265 1237 1302 1300 τῷ
1318 1251 1390 1285 areu-

256 1305 357 1354 iudicat.
391 1305 511 1353 Horatius
535 1303 613 1366 igitur
633 1318 684 1352 non
705 1304 803 1367 scripsit
843 1311 895 1367 nie,
918 1324 981 1372 quae
1004 1313 1062 1360 bene
1083 1319 1152 1374 gesta
1173 1312 1251 1362 vitam
1267 1328 1389 1363 commen·

256 1383 279 1429 si
303 1383 381 1440 mole,
398 1385 423 1431 ai
445 1386 504 1432 bene
523 1388 643 1446 peremat.
677 1382 804 1432 Potuisset
842 1388 921 1448 dent,
948 1396 1049 1449 eontra,
1077 1393 1102 1439 ei
1129 1394 1220 1441 male.“
1261 1393 1390 1446 Differunt

257 1475 291 1509 ex
316 1475 386 1510 more
411 1462 519 1510 Latino:
553 1463 639 1524 Neque
662 1477 714 1510 rem
738 1464 804 1512 male
842 1467 947 1516 scilicet:
972 1482 1002 1516 ea
1023 1483 1062 1518 res
1085 1470 1147 1518 mihi
1168 1473 1235 1522 male
1253 1476 1339 1534 cessit,
1364 1482 1389 1524 at

255 1548 366 1605 pessunt
383 1556 490 1606 usquam
516 1543 664 1590 Decurrens
680 1543 745 1600 clio,
761 1557 803 1590 ue·
842 1561 897 1595 eam
913 1562 966 1596 rem
983 1551 1134 1612 malcomi
1169 1550 1388 1604 Difficultesineo

255 1636 302 1682 que
323 1621 347 1668 η’
369 1623 435 1670 bersa
469 1618 520 1668 Ubi
542 1619 671 1682 inpriore
692 1619 803 1668 membro
841 1626 959 1685 vertitur,
975 1628 1041 1690 qnod
1057 1631 1123 1678 mole
1137 1633 1200 1692 perri
1215 1647 1266 1681 non
1276 1633 1388 1685 absolute

255 1712 288 1746 ex
310 1699 421 1762 sequenti
448 1699 578 1761 repetitur:
605 1713 683 1761 neque
706 1700 729 1747 si
749 1714 802 1747 rem
841 1705 948 1766 ponitur.
983 1704 1048 1753 Mihi
1064 1704 1197 1769 legendum
1214 1709 1324 1760 videtur:
1347 1730 1387 1764 ne-

255 1781 314 1828 beue
336 1783 454 1842 pessunt.
490 1777 539 1827 Sed
564 1778 628 1827 illud
653 1778 801 1836 sententiae,
841 1796 887 1842 que
910 1797 936 1832 ae
952 1785 1017 1833 male
1032 1792 1144 1847 pessunt
1160 1803 1267 1851 usquam
1292 1790 1386 1841 Decur-

255 1872 318 1921 quae
344 1859 383 1906 hic
409 1859 556 1923 requiritur,
579 1873 630 1907 non
651 1859 800 1908 conveniret.
841 1876 900 1910 rma
916 1863 979 1922 alio,
996 1878 1076 1927 neque
1090 1866 1114 1913 si
1130 1867 1195 1915 bene.

255 1938 386 1986 Bentleius
407 1952 465 1986 cum
482 1937 606 1988 Lamblno
628 1938 736 2000 reposuit
752 1953 801 1987 ces·
874 1940 987 1989 Lucilius
999 1941 1103 1990 faciebat
1114 1942 1172 2003 fere,
1185 1947 1251 2007 qnod
1266 1945 1387 1999 faciebant

253 2023 335 2075 root,
361 2017 387 2065 in
409 2011 555 2082 quibusdam
578 2017 649 2066 editis
671 2017 800 2066 inventum
841 2017 1024 2083 Pythagoraei,
1040 2021 1083 2084 qui
1098 2036 1148 2070 non
1159 2023 1326 2087 dormiebant,
1338 2028 1387 2077 nisi

254 2104 279 2145 et
295 2097 326 2145 ab
342 2099 447 2147 Heinsio
463 2098 675 2154 commendatum,
694 2102 719 2145 et
735 2096 799 2145 illud
840 2112 867 2146 se
892 2099 939 2161 ipsi
962 2101 1168 2164 interrogassent:
1194 2107 1231 2162 πῆ
1258 2104 1386 2168 raptum

253 2176 443 2240 interpretatur:
464 2191 587 2240 nusquam
609 2175 672 2232 alio,
692 2182 800 2238 praeter·
841 2176 866 2225 σί
883 2176 905 2225 δ’
915 2179 986 2242 ἔρεξα
992 2196 1002 2238 ,·
1020 2179 1045 2228 σι’
1061 2197 1104 2243 μοι
1120 2178 1179 2229 δέον
1195 2181 1385 2246 contradicim:

253 2269 329 2318 quam
346 2257 377 2304 ad
393 2255 469 2304 libros
486 2257 632 2311 decurrens,
649 2253 800 2304 seubeneei
840 2255 889 2314 sic,
913 2256 948 2304 ait
972 2257 1056 2319 poeta:
1082 2256 1152 2306 δειλὰ
1176 2260 1224 2322 μὲν
1238 2260 1384 2326 tropitae,

252 2342 359 2383 cesserat
375 2337 403 2384 iu
418 2337 559 2394 sorbendo,
576 2349 619 2384 scu
636 2334 710 2384 male.
733 2335 799 2395 Quo·
841 2334 1008 2394 ἐπιπλήσσω·
1026 2339 1126 2399 χρηστὰ
1144 2336 1179 2397 dl,
1194 2337 1297 2402 τέρπου.
1316 2339 1344 2390 Si
1359 2347 1384 2389 te

252 2414 291 2462 vis
309 2414 351 2463 ille
367 2416 407 2463 die
419 2415 524 2463 scribere
536 2415 647 2473 amabat,
663 2415 715 2463 sive
727 2422 798 2478 aptus
840 2412 904 2462 male
929 2414 1046 2476 gesseris,
1071 2414 1139 2474 dole,
1163 2417 1275 2477 sibene,
1295 2421 1383 2481 gaude.

252 2498 307 2540 tum
329 2495 361 2540 ad
382 2493 504 2550 studium,
529 2508 585 2552 seu,
609 2499 637 2540 ut
659 2507 731 2555 saepe
752 2508 799 2542 usu
839 2489 909 2540 Haec
925 2492 968 2541 ille
984 2495 1011 2541 in
1027 2494 1102 2542 libros
1113 2495 1283 2555 transferebat,
1294 2513 1385 2550 arcana

156 2587 160 2591 ·
252 2573 334 2630 venit,
351 2572 468 2635 ineptior,
487 2585 530 2620 seu
547 2572 628 2620 Musis
645 2572 798 2632 faventibus,
839 2568 898 2629 ists,
915 2586 979 2634 quae
995 2571 1039 2619 alii
1056 2573 1140 2622 amicis
1157 2574 1285 2634 fidelibus,
1301 2580 1383 2627 crede·

251 2665 296 2700 seu
312 2653 413 2701 aversis.
439 2651 493 2701 Vix
509 2654 583 2701 credo
599 2653 734 2702 Horatium
751 2654 799 2702 ista
839 2648 881 2697 bat
905 2649 983 2699 libris.
1024 2651 1091 2700 Hine
1120 2652 1199 2716 igitur
1226 2656 1306 2704 omnis
1331 2658 1384 2707 vita

251 2731 282 2779 de
299 2731 397 2781 Lucilio
413 2732 489 2781 finisse
505 2732 637 2782 dicturum.
671 2733 739 2782 Nam
756 2733 798 2796 qui
838 2728 930 2778 Lucilii
946 2731 1117 2794 cognoscitur,
1136 2747 1180 2781 seu
1201 2743 1266 2784 recte
1286 2750 1331 2785 seu
1346 2751 1383 2787 se·

250 2811 377 2860 Lucilium
394 2813 429 2860 ita
445 2811 616 2875 reprehendit,
633 2817 661 2859 ut
677 2811 797 2861 Horatius
838 2822 880 2856 cus
909 2811 970 2872 quid
998 2811 1104 2873 egisset,
1132 2812 1221 2876 quibus
1249 2815 1382 2864 virtutibus

250 2904 310 2939 eum
326 2893 496 2955 reprehendit,
512 2892 533 2940 is
548 2905 639 2954 ponere
650 2904 700 2938 non
711 2899 797 2954 potest,
838 2890 948 2938 modeste
965 2891 1072 2953 gaudme
1088 2900 1182 2954 posset,
1198 2908 1262 2956 quae
1273 2895 1334 2943 vitia
1345 2911 1382 2945 re-

250 2971 328 3020 talem
344 2974 443 3036 po‘etam
460 2986 571 3034 unquam
585 2978 693 3033 putasse,
710 2972 798 3020 Musas
837 2967 988 3028 prehendere
996 2969 1102 3018 deberet.
1127 2970 1257 3035 Siquidei
1268 2988 1383 3038 prospere

249 3049 296 3097 sibi
312 3065 364 3098 non
380 3050 472 3098 favere,
506 3050 633 3098 Ducentos
651 3062 723 3110 saepe
740 3064 796 3098 ver.
837 3058 881 3092 seu
898 3046 1029 3095 infeliciter
1044 3057 1162 3108 cesserat,
1179 3051 1225 3099 hoc
1241 3066 1291 3100 non
1307 3056 1381 3116 perti-

248 3142 291 3176 sua
308 3134 377 3176 stans
393 3128 455 3190 pede
472 3127 562 3175 inuno
576 3125 686 3175 iaciebat.
713 3126 797 3189 Aptus
838 3128 880 3169 net
896 3124 929 3170 ad
945 3140 1055 3185 areuna,
1076 3132 1101 3173 et
1117 3126 1162 3174 alii
1178 3142 1275 3191 quoque
1291 3145 1380 3194 cogno-

249 3210 281 3256 ad
299 3208 409 3256 studium
426 3222 459 3255 an
475 3206 558 3254 minus
575 3211 647 3268 aptus
664 3211 728 3253 esset
744 3205 796 3254 Lu·
837 3208 922 3260 scunt,
946 3202 1043 3251 Lucilio
1067 3210 1171 3254 tacente.
1209 3207 1329 3257 Horatius
1354 3211 1380 3258 in

248 3286 328 3345 cilius,
346 3301 432 3335 versus
449 3285 621 3341 nascebantur,
634 3284 708 3347 inque
720 3285 796 3335 libros
837 3295 866 3330 co
881 3282 1008 3331 Lucilium
1025 3283 1144 3333 imitatur.
1178 3284 1265 3335 Credit
1282 3287 1380 3338 Sermo·

248 3365 425 3415 referebantur.
446 3365 533 3428 Atque
544 3364 578 3411 ita
589 3363 733 3427 poscebatur
744 3379 795 3414 ma·
836 3360 910 3408 nibus
932 3369 957 3410 ct
973 3362 1091 3424 Epistolis
1109 3379 1212 3423 arcana,
1236 3365 1339 3414 virtutes
1356 3376 1380 3416 et

249 3446 288 3509 gis
305 3447 400 3494 reduci
416 3459 492 3508 quam
509 3448 622 3492 cesenat.
655 3440 726 3491 Illud
748 3459 795 3494 ces-
836 3439 910 3497 vitia,
927 3439 1014 3488 laudat
1030 3455 1056 3489 se
1072 3448 1097 3490 et
1107 3441 1245 3505 vituperat,
1259 3445 1324 3506 quod
1336 3445 1380 3492 alii

247 3531 319 3574 serat
335 3525 414 3588 vulgo
431 3523 601 3587 exponebant:
626 3522 680 3570 sive
696 3523 755 3586 quid
772 3524 795 3572 oi
835 3533 885 3566 non
903 3518 1008 3577 faciunt,
1030 3520 1079 3568 nisi
1095 3522 1160 3583 apud
1177 3535 1250 3570 aures
1266 3522 1379 3573 fidelium

248 3603 313 3652 male
330 3611 457 3662 evenerat,
480 3603 533 3651 sive
552 3616 680 3665 prospere,
702 3603 794 3651 chartis
835 3597 980 3646 amicorum.
1013 3599 1170 3662 Appareret‚
1195 3602 1280 3661 credo,
1305 3602 1379 3651 Luci-

247 3682 299 3730 suis
317 3682 492 3732 committebat.
518 3682 562 3730 Ad
579 3681 640 3728 haec
654 3680 793 3730 Bentleius:
834 3676 897 3724 lium
918 3677 954 3725 ita
975 3677 1066 3740 egisse,
1088 3677 1109 3726 si
1125 3679 1217 3741 scripta
1234 3679 1378 3731 haberemus

248 3775 353 3822 „nempe
369 3761 415 3809 hoe
431 3767 503 3822 pacto
519 3760 605 3807 eadem
622 3759 793 3808 reditsenten-
833 3756 939 3819 integra.
978 3754 1138 3805 Contrarium
1163 3771 1196 3806 cx
1219 3759 1378 3823 Fragmentis

247 3840 296 3899 tia,
313 3855 388 3902 quam
405 3838 531 3902 Cruquius
543 3838 739 3901 Torrentiusque
751 3854 793 3888 vo·
833 3834 932 3897 probari
947 3850 998 3884 non
1015 3842 1103 3899 potest.

246 3919 326 3966 lunt.“
360 3917 540 3981 Cruquius'an
561 3916 596 3964 sic
613 3916 731 3976 volucrit,
748 3919 792 3966 du·
866 3915 984 3963 lucanus
1000 3930 1035 3963 an
1052 3917 1183 3979 Appulus,
1201 3932 1299 3978 nucem.
1325 3919 1378 3969 Cur

246 3997 306 4045 bito.
338 3997 490 4045 Annotavit:
508 3996 612 4056 „Neque
627 3996 651 4042 ei
666 3997 793 4058 nmleqes-
833 3993 881 4042 ista
898 3994 928 4042 de
944 4007 970 4042 se
987 3994 1092 4042 adiecit?
1124 3994 1201 4052 Vult,
1217 3997 1301 4044 credo:
1326 3998 1377 4047 Vc·

245 4082 324 4124 σσσσί,
359 4075 401 4125 Sic
421 4074 512 4123 habent
534 4087 618 4121 omnes
640 4073 725 4136 scripti
744 4074 792 4124 co·
833 4073 938 4119 nusinus
954 4087 1023 4130 aum,
1039 4086 1104 4120 unus
1120 4073 1151 4121 de
1167 4072 1270 4131 colonis,
1282 4073 1309 4121 in
1320 4089 1376 4123 con-

247 4154 323 4212 dices,
340 4161 365 4202 et
381 4154 497 4202 existimo
513 4166 564 4200 non
581 4166 634 4201 esse
650 4152 793 4202 inferiorem
833 4150 894 4198 finia
909 4150 1036 4199 Lucaniae
1052 4157 1077 4199 et
1094 4150 1222 4212 Appuliae
1237 4151 1331 4210 missis,
1348 4161 1377 4200 ut

222 4277 225 4282 .
246 4232 324 4280 altera
348 4231 464 4290 lectione,
490 4245 553 4294 quae
577 4230 651 4280 habet
675 4238 791 4281 cesenat.
833 4229 928 4278 bellum
943 4235 1068 4288 arcerent,
1084 4242 1135 4276 non
1151 4229 1277 4278 inferrent.
1308 4231 1377 4292 Ergo

245 4311 313 4359 Nam
330 4325 362 4360 ex
379 4325 421 4368 eo,
438 4312 503 4374 quod
520 4310 574 4373 quis
591 4309 710 4358 benerei
727 4307 792 4360 male
832 4321 916 4357 ensem
934 4308 961 4355 in
978 4307 1070 4370 vagina
1086 4312 1170 4366 teneo,
1187 4307 1208 4355 si
1223 4321 1274 4355 non
1286 4308 1376 4358 iniuste

246 4389 335 4453 gessit,
348 4391 401 4438 eius
411 4390 462 4438 vita
473 4389 548 4437 laude
560 4388 601 4436 vel
613 4388 792 4452 vituperatione
832 4401 958 4451 provocor.

245 4469 323 4531 digna
340 4469 462 4519 censenda
479 4474 527 4524 est,
544 4466 679 4525 sonitem,
696 4468 791 4532 siquid
865 4465 1030 4515 Doderlinus:
1048 4467 1134 4529 „Ego,
1151 4474 1224 4517 natus
1240 4468 1375 4527 Venusiae,
