3542 5634
680 576 860 688 LlssuR
905 578 948 640 ΙΙ.

290 758 339 823 Ae
362 759 471 844 potius
495 760 583 827 foliis
607 784 723 848 pareus
744 769 895 828 vescatur
917 762 1057 827 ameris:

292 861 327 927 Si
350 864 468 947 positis
491 865 580 931 intus
605 865 679 932 Chii
702 867 883 953 veterisque
906 865 1037 931 Falerni

291 965 383 1030 Mille
406 967 512 1051 cedis,
537 969 621 1033 nihil
643 975 710 1053 est,
734 977 915 1036 tercentum
937 969 1104 1050 millibus,
1128 991 1200 1034 acre

291 1068 388 1135 Petet
409 1077 553 1150 acetum3
577 1095 653 1158 age,
679 1074 707 1138 si
730 1079 763 1138 et
786 1072 975 1138 stramentis
1000 1073 1131 1137 incubet
1155 1072 1256 1136 unde-

245 1253 342 1302 Pullud.
359 1255 382 1304 Ι.
398 1257 438 1304 29.
455 1256 617 1306 etlrumeuts
628 1260 787 1320 nwliraqun-
827 1258 937 1306 dicuin
957 1260 1060 1321 Eutrop.
1077 1260 1098 1308 I.
1120 1260 1177 1308 204.
1212 1259 1243 1306 st
1267 1259 1372 1320 Lydum

245 1334 292 1380 riis
309 1332 404 1395 franci
428 1335 491 1383 dixit
518 1337 584 1385 idem
600 1336 622 1385 I.
651 1337 707 1384 l2.“
740 1337 788 1384 Est
828 1341 937 1387 tenuisse
961 1341 1034 1394 celle,
1059 1344 1096 1387 tot
1120 1339 1201 1386 mille'a
1224 1351 1316 1399 pondu
1342 1336 1373 1385 St

245 1419 327 1461 temen
353 1414 379 1461 in
404 1416 544 1464 coniectura
571 1416 629 1474 ists,
657 1417 723 1479 quod
748 1430 788 1464 me
830 1417 959 1479 Phryqor,
977 1419 1055 1465 adde.-
1072 1433 1171 1478 parum.
1195 1417 1264 1480 Lege
1278 1431 1372 1479 porum

245 1501 360 1541 moretur.
394 1494 465 1553 Iure,
481 1511 513 1543 su
530 1510 613 1554 secus,
630 1496 787 1544 vidoutMei-
828 1500 871 1543 eet.
904 1497 992 1544 Emtor
1012 1496 1120 1545 millibus
1142 1497 1236 1559 aliquid
1252 1495 1373 1544 addidisse

244 1571 339 1620 uskius.
374 1573 402 1622 Si
425 1573 575 1624 frumentum
599 1575 653 1624 cibo
676 1583 788 1638 peretur,
828 1571 982 1636 intelligitur.
1015 1576 1065 1626 Sed
1085 1591 1117 1625 ne
1137 1577 1184 1624 hoc
1198 1575 1296 1639 quidem
1320 1575 1372 1624 Eu-

244 1659 269 1699 et
286 1651 420 1714 frangitur,
436 1654 494 1702 sddi
509 1655 572 1703 solet
587 1656 789 1721 instrumentum,
829 1654 910 1717 trupio
931 1656 990 1704 sutis
1006 1671 1059 1704 esse
1075 1656 1211 1704 videbatur.
1245 1656 1314 1717 Ergo
1334 1655 1369 1702 di·

244 1744 295 1792 quo
310 1731 445 1795 frangitur,
462 1736 528 1782 utin
540 1735 659 1798 exemplis
672 1735 788 1784 Palladii.
829 1733 874 1780 cit:
889 1750 984 1796 parum
1000 1743 1051 1795 eet,
1072 1742 1101 1784 ut
1121 1735 1210 1784 mulier
1230 1734 1274 1782 illu
1296 1733 1370 1784 Setir.

244 1810 285 1858 Its
306 1812 355 1858 ism
376 1813 468 1875 Virgil.
486 1813 576 1878 Georg.
592 1816 614 1864 1.
636 1816 693 1868 267.
729 1817 789 1865 Tor-
830 1812 851 1861 1.
863 1827 893 1861 11.
908 1814 962 1863 120.
987 1817 1052 1864 Post
1061 1817 1150 1877 poulo,
1162 1816 1205 1863 red
1213 1816 1304 1876 pluris.
1329 1813 1371 1863 Se-

244 1895 297 1937 retc
314 1891 703 1957 iffltisruyeretsranqlteearo.
721 1895 789 1945 Plin.
829 1905 890 1940 neos
905 1894 984 1957 Epist.
1001 1894 1041 1945 78.
1076 1896 1135 1943 Nou
1148 1895 1285 1957 respondit.
1318 1896 1371 1942 Ρα-

244 1970 279 2018 Η.
297 1971 330 2019 Ν.
352 1971 457 2021 XVIII.
483 1988 530 2022 vrr.
564 1977 694 2024 Hordeum
719 1978 791 2024 molis
829 1987 887 2020 rum
902 1979 948 2022 eet.
980 1977 1065 2032 Rc‘eit,
1081 1975 1220 2037 etquidem
1236 1988 1267 2021 ex
1282 1975 1374 2022 animo.

236 2049 376 2112 srcnonnt.
410 2051 436 2102 si
458 2053 515 2115 quis
539 2053 681 2117 simpliciter
701 2054 791 2102 dicitur
829 2051 923 2114 Appul
940 2052 1015 2115 Apol.
1032 2069 1056 2116 p.
1067 2052 1124 2104 578.
1149 2052 1243 2100 lustro
1252 2054 1374 2100 mentitur

243 2129 790 2195 munofronqerffiidfscereeogituturdeu-
829 2135 874 2178 est.
900 2133 1110 2180 Parumhocert.
1137 2132 1374 2194 Liberaliroeaoom.

245 2208 327 2268 tibus,
350 2210 395 2258 hoe
420 2219 457 2259 est
481 2226 565 2260 morsu
589 2210 717 2276 frangere,
733 2227 789 2260 cum
829 2209 983 2258 Affectutum
998 2209 1060 2258 illud
1077 2208 1375 2259 Senecaeinflercrur.

243 2288 327 2334 sonitu
350 2290 529 2349 comminuere,
554 2297 582 2338 ut
607 2290 739 2341 Cloudisu.
758 2294 790 2342 R.
829 2289 885 2338 643.
919 2292 1004 2354 Lycur
1030 2288 1133 2340 Creonti
1158 2289 1255 2338 debitur
1279 2302 1373 2350 potum

245 2365 434 2430 Proserp.111.
458 2371 497 2418 42.
519 2370 549 2418 de
566 2371 668 2434 antique
684 2371 727 2419 ills
742 2371 789 2434 βα·
829 2371 907 2418 dabir.
941 2371 1050 2418 Lentem
1071 2375 1121 2425 ert,
1142 2369 1227 2426 dubitJ
1249 2368 1309 2425 dot‚·
1329 2368 1373 2416 hoc
1422 2420 1426 2426 ,

244 2445 396 2512 ληνοφαγίςι,
411 2450 534 2510 pecudum
545 2451 569 2497 ei
581 2465 647 2499 more
657 2457 791 2514 pererrant
829 2464 924 2511 quoque
939 2454 975 2496 ert
991 2451 1101 2507 lentum
1118 2448 1193 2496 dedit.

245 2526 321 2586 Aviti,
347 2529 370 2576 ri
387 2528 519 2591 franourst
535 2532 675 2579 commenta
694 2532 790 2592 padule
864 2527 1215 2583 Stramentleiricubet‚urrde
1241 2527 1373 2586 Octoot'nto

244 2607 353 2668 olorda.
386 2608 476 2672 virgil.
499 2609 590 2672 Georg.
612 2610 650 2659 11.
666 2612 706 2662 71.
723 2612 790 2660 dixe-
830 2622 907 2656 annos
917 2615 1002 2656 natur.
1035 2604 1374 2667 Meinekius:„Iueptissime

245 2692 284 2732 rut
300 2687 329 2734 de
345 2687 443 2747 suibus,
459 2689 791 2753 quiylartdemsreqereeob
830 2688 896 2736 unde
919 2691 1043 2750 octooInta
1068 2686 1127 2735 unni
1151 2691 1374 2734 commemorentur

245 2767 335 2814 ulrnic:
360 2768 402 2816 ubi
423 2768 495 2831 plura
515 2769 602 2818 Burm.
635 2769 690 2818 Nisi
711 2771 790 2818 Horu-
829 2780 873 2828 pro
898 2781 927 2815 eo
951 2782 1024 2831 quem
1048 2765 1149 2831 quilibet
1173 2765 1236 2813 clius
1255 2765 1377 2828 posuisset

244 2845 293 2892 tius
318 2846 466 2910 elegantium
489 2849 637 2911 quaesiverit
661 2849 687 2896 in
713 2863 742 2896 eo
764 2856 792 2897 ut
829 2858 933 2893 numero
948 2849 1086 2909 octontuta,
1104 2845 1187 2908 itaque
1204 2845 1282 2908 recepi
1293 2859 1376 2893 emen·

245 2926 309 2974 idem
338 2927 443 2975 verbum
471 2928 503 2975 sd
529 2929 640 2991 opposite
666 2928 790 2985 retulerit,
830 2923 955 2973 dadonem
972 2925 1094 2983 Horkclii‚
1114 2927 1179 2972 udis.
1211 2923 1266 2973 Nec
1283 2925 1374 2972 miuuit

244 3007 384 3068 continuere
408 3021 500 3053 aurem
525 3012 550 3054 et
573 3008 713 3068 continuere
734 3023 790 3068 ora·
830 3004 982 3064 corruptelae
1002 3003 1165 3067 suspicionem
1187 3002 1252 3066 quod
1269 3003 1376 3051 Priscis·

244 3100 318 3139 oum,
333 3083 434 3132 mallem
451 3083 517 3132 aliud
533 3083 650 3142 verbum,
667 3100 691 3134 v.
708 3099 728 3132 c.
747 3102 790 3134 au·
830 3096 877 3128 nus
894 3082 998 3131 XVIII.
1015 3083 1055 3131 24.
1072 3083 1098 3129 in
1114 3096 1160 3129 suo
1176 3095 1274 3143 quoque
1289 3082 1374 3130 codice

244 3164 304 3210 dent
320 3163 431 3210 esuriens
447 3165 562 3211 domim
577 3178 717 3213 consumere
732 3181 790 3228 yra-
830 3160 896 3208 idem
917 3162 984 3223 quod
1005 3161 1078 3208 hodie
1099 3161 1180 3207 editur
1196 3160 1313 3221 scriptum
1332 3161 1375 3208 he-

244 3256 313 3288 num.
346 3241 434 3290 Horat.
456 3241 536 3305 Epist.
558 3243 626 3292 1.11.
644 3244 792 3306 rususque
829 3239 890 3288 buit.
923 3240 1078 3289 Priscianum
1104 3237 1198 3285 vitiosis
1218 3239 1315 3286 Horatii
1336 3253 1374 3287 oo

245 3323 468 3379 consumeremus,
484 3337 516 3372 ex
528 3323 636 3382 Graeco,
653 3333 791 3384 utnotum,
829 3319 924 3368 ditibus
945 3333 1018 3367 usum
1039 3331 1091 3366 esse
1111 3317 1185 3364 etism
1201 3316 1302 3365 aliunde
1317 3332 1376 3366 con·

245 3399 355 3464 ἀρούρης
371 3401 470 3464 καρπὸν
490 3401 581 3453 ἔδουσι.
608 3405 789 3468 Apitziuscon-
830 3407 886 3447 stat.
919 3398 987 3447 lllud
1010 3412 1070 3445 vero
1094 3410 1160 3444 nuuc
1183 3395 1269 3443 dubito
1290 3401 1375 3442 utrum

245 3479 352 3528 iieiebst:
388 3483 538 3531 contundere
565 3499 680 3546 morsum.
714 3483 788 3534 Com·
830 3480 897 3542 quod
912 3477 1048 3526 Horkelius
1062 3476 1141 3525 voluit
1156 3477 1229 3538 1³0&ss
1242 3474 1375 3536 scripserit,

246 3573 306 3623 pero
322 3560 362 3607 hic
378 3558 483 3608 Luciuui
500 3559 585 3610 Somn.
610 3565 647 3612 14.
673 3561 790 3628 Ἀνεψιὸς
830 3574 862 3606 sn
887 3557 953 3622 quod
978 3557 1030 3620 ipse
1054 3555 1149 3604 tentavi
1176 3559 1201 3604 ri
1227 3556 1375 3603 rtrcmmte'e

245 3640 278 3698 ἦν
294 3639 365 3703 αὐτῷ
381 3637 503 3694 πλούσιος
520 3638 546 3695 ἐς
558 3638 720 3704 ὑπερβολὴν,
730 3646 789 3704 Δρι-
830 3641 929 3688 incubet
945 3637 1030 3695 ulvae,
1047 3637 1112 3700 quod
1129 3635 1243 3698 proxime
1258 3634 1327 3683 abest
1342 3633 1374 3682 ab

245 3718 326 3782 μύλος
349 3717 471 3781 τοῦνομα.
496 3715 572 3776 οὗτος
596 3720 648 3775 ζῶν
671 3720 718 3784 μὲν
734 3719 789 3768 οὐδὲ
830 3717 895 3766 edito
919 3719 1009 3765 unde.“
1041 3717 1095 3765 Nec
1118 3716 1181 3764 mihi
1205 3716 1285 3779 placet
1311 3717 1376 3764 unde

246 3795 342 3858 ὀβολὸν
358 3795 430 3846 ἔδωκε
448 3797 484 3860 τῷ
501 3797 592 3861 Σίμωνι
610 3802 675 3856 πῶς
692 3797 790 3863 stende
830 3799 962 3858 octontuta.
996 3794 1023 3844 si
1039 3795 1164 3858 quidest,
1185 3796 1250 3859 quod
1267 3793 1375 3843 fulcrum

248 3875 305 3924 οὐδὲ
322 3877 399 3933 αὐτὸς
415 3876 510 3936 ἥπτετο
526 3881 578 3925 τῶν
593 3876 736 3941 χρημάτων.
830 3873 903 3923 metri
927 3874 1028 3934 referat,
1053 3875 1099 3924 hoc
1122 3881 1167 3924 est.
1200 3875 1286 3924 Minus
1311 3875 1374 3923 illud

282 3956 356 4004 Nihil
380 3961 424 4004 est.
457 3955 550 4004 Vsriee
575 3963 633 4004 suut
658 3957 790 4015 formulae,
831 3954 941 4003 cernitur
963 3954 990 4002 in
1012 3954 1125 4003 Iuveusl.
1150 3953 1223 4004 Sstir.
1248 3954 1296 4003 VI.
1321 3955 1375 4004 192.

247 4033 421 4096 corrigentium
445 4034 510 4096 quod
535 4033 629 4083 dictum
650 4041 687 4082 est
708 4035 790 4083 minus
835 4035 1000 4082 Peucetiam
1021 4050 1095 4096 qnam
1116 4039 1203 4082 secetur
1217 4039 1243 4081 et
1263 4035 1376 4095 octoqeci·

247 4129 314 4162 vero.
348 4113 432 4162 Puut.
448 4113 556 4163 Mostell.
573 4113 622 4163 IV.
639 4129 669 4164 11.
686 4115 726 4163 65.
745 4117 790 4164 Ni·
832 4128 990 4161 ocerannus
1023 4115 1128 4169 Pulsat,
1153 4115 1235 4161 adhuc
1264 4111 1379 4162 Graece?

248 4195 285 4242 til
302 4195 345 4243 hoe
361 4196 460 4257 quidem
476 4200 525 4253 eet,
554 4196 674 4258 Priytrtto
695 4197 791 4257 ruinae,
831 4193 990 4243 coniecercm
1007 4193 1078 4239 ultra
1095 4193 1220 4252 octontuta
1237 4204 1316 4238 annos
1331 4206 1375 4238 rsa·

247 4289 405 4336 praequam
422 4276 484 4323 altos
501 4276 611 4337 dapsiles
635 4282 732 4323 tumtur
746 4275 791 4338 fa·
832 4279 881 4321 tue.
916 4272 964 4322 Sed
987 4284 1046 4318 vero
1067 4268 1170 4318 similius
1191 4277 1228 4318 cst
1244 4270 1376 4318 Horatium

247 4353 292 4402 cit.
316 4351 403 4401 Horst.
414 4351 592 4403 inhseSutiru
601 4367 639 4401 vs.
650 4354 690 4401 69.
708 4354 793 4402 Scribe
831 4352 925 4416 aliquid
946 4350 1069 4398 addidisse
1090 4352 1249 4410 stramentis,
1273 4364 1322 4413 quo
1347 4350 1377 4398 si·

248 4433 329 4481 decem
354 4449 370 4480 a
388 4434 480 4482 Nerio:
506 4449 555 4482 non
578 4439 616 4482 ert
640 4435 704 4482 ratis
730 4434 793 4481 adde
832 4431 1015 4495 gnificeret‚ne
1030 4428 1073 4476 illu
1084 4429 1181 4492 quidem
1193 4428 1267 4477 fuisse
1278 4429 1377 4492 optime¹

251 4509 356 4559 Cicutae
381 4513 476 4562 Nodort
492 4513 793 4568 tabularcentum,mtlle
833 4513 874 4562 Sic
900 4510 994 4560 Scuecu
1017 4510 1097 4573 Epist.
1123 4509 1183 4557 XX.
1222 4511 1303 4558 Illum
1327 4513 1380 4559 eidi

249 4591 313 4638 udde
329 4596 439 4641 catenas.
472 4590 541 4653 Quae
553 4592 661 4641 imitatus
672 4599 708 4640 est
719 4590 792 4641 Clau·
832 4593 940 4647 nudccm,
958 4595 1053 4653 querito
1068 4591 1153 4638 reione
1168 4605 1242 4652 quom
1259 4596 1379 4639 rhamm-
