3542 5634
659 815 709 900 Q.
740 811 978 886 ΗΟΒΑΤΙΙ
1007 809 1204 882 FLACCl

553 1057 1310 1161 SATIRARUM

722 1327 860 1391 LIBER
884 1322 1134 1391 SECUNDUS.

825 1553 1022 1578 w

776 1754 994 1821 SATIRA
1042 1756 1066 1818 l.

445 1919 574 2014 „Sunt,
599 1931 717 2017 quibus
741 1930 775 1995 in
800 1929 901 1995 satira
923 1929 1034 1994 videor
1057 1930 1155 1994 nimis
1180 1951 1251 1994 acer
1275 1933 1308 1993 et
1330 1929 1418 1993 ultra

400 2035 521 2119 Legem
544 2034 677 2099 tendere
700 2055 797 2118 opus;
824 2033 895 2098 sine
918 2032 1026 2098 nervis
1051 2033 1171 2114 altera,
1196 2031 1357 2117 quidquid

398 2136 595 2223 Composui,
619 2159 695 2222 pars
719 2158 790 2202 esse
812 2140 926 2221 putat,
954 2135 1142 2222 similesque
1165 2157 1312 2200 meorum

382 2240 490 2305 vMille
514 2240 567 2304 die
589 2261 702 2305 versus
726 2239 842 2305 deduci
865 2261 970 2324 posse.
1018 2239 1164 2322 Trebati,

398 2340 485 2419 Quid
496 2342 626 2425 faciam,
639 2343 855 2428 praescribe.“
882 2343 1095 2425 „Quiescas.“
1121 2343 1195 2426 „Ne
1209 2341 1339 2422 faciam,
1351 2339 1473 2425 inquis,

397 2441 540 2509 Omnino
565 2447 721 2510 versus?“
768 2443 891 2528 „Aiof‘
939 2445 1098 2528 „Peream
1120 2443 1224 2526 male,
1250 2443 1368 2507 sinon

396 2544 568 2631 Optimum
591 2552 674 2613 erat:
698 2569 812 2612 verum
834 2570 959 2633 nequeo
984 2547 1157 2612 dormire.“
1205 2547 1288 2630 „Ter
1310 2546 1401 2610 uncti

394 2647 599 2714 llansnanto
621 2649 781 2732 Tiberim,
807 2672 922 2716 somno
946 2649 1064 2736 quibus
1088 2654 1139 2715 est
1162 2671 1243 2735 opus
1268 2649 1351 2730 alto,

396 2750 626 2837 Irriguumque
648 2774 737 2818 mero
761 2752 822 2817 sub
845 2757 976 2818 noctem
999 2774 1115 2838 corpus
1138 2752 1290 2817 habento.

393 2853 479 2936 Aut,
503 2855 533 2920 si
556 2859 669 2920 tantus
694 2877 785 2920 amor
808 2855 971 2921 scribendi
995 2860 1027 2921 te
1050 2855 1155 2941 rapit,
1179 2855 1263 2920 aude

395 2955 543 3022 Caesaris
567 2957 683 3023 invicti
706 2981 756 3024 res
781 2959 903 3041 dicere,
928 2959 1035 3023 multa
1056 2959 1206 3023 laborum

394 3059 543 3125 Praemia
565 3060 727 3126 laturus.“
775 3061 983 3146 ‚,Oupidum,
1007 3066 1100 3146 pater
1124 3060 1262 3145 optime,
1287 3059 1371 3124 vires
1435 3113 1438 3122 ,

392 3161 578 3229 Deficiunt:
603 3163 819 3248 nequeenim
843 3163 950 3249 quivis
974 3163 1140 3228 horrentia
1161 3162 1239 3247 pilis

391 3263 553 3347 Agmina,
578 3287 637 3331 nec
660 3265 765 3332 fracta
787 3271 959 3350 pereuntes
983 3266 1118 3352 cuspide
1147 3264 1260 3330 Gallos

526 3429 664 3480 SATIRA
689 3431 710 3479 I.
968 3403 1065 3451 Fracta
1090 3406 1224 3463 pereuntes
1252 3402 1356 3462 cuspide
1387 3403 1483 3450 Gallos.

934 3478 1131 3529 Commentator:
1159 3493 1225 3543 „que
1257 3479 1401 3527 vulneratus
1429 3488 1484 3530 eret

386 3525 492 3607 Verum
508 3574 599 3620 nequeo
615 3560 730 3608 dormire.
756 3561 891 3608 Tantacu-
933 3559 1023 3618 hostis,
1040 3567 1067 3608 ut
1084 3559 1220 3622 Virgilius:
1243 3559 1283 3605 Et
1298 3559 1366 3606 veuit
1382 3560 1484 3607 aduersu⁸

346 3637 449 3697 piditate
471 3649 588 3683 versuum
613 3636 780 3684 faciendorum
805 3639 892 3696 ardeo,
933 3641 961 3686 iu
978 3644 1073 3702 tergum
1092 3637 1312 3698 Sulmoniaibz'que
1331 3638 1482 3700 Frangitur.

344 3721 372 3761 ut
389 3714 495 3761 dormire
510 3727 561 3760 non
577 3713 669 3776 possim
684 3715 838 3778 priusquam
849 3732 890 3765 cu·
932 3716 974 3764 Ex
991 3717 1092 3766 historia
1108 3718 1138 3764 de
1154 3717 1236 3764 Mario
1252 3716 1298 3763 hoc
1313 3721 1424 3762 sumtum
1436 3723 1482 3764 est.

349 3793 475 3860 piditetem
501 3791 573 3839 istam
601 3791 708 3854 quotidie
733 3793 891 3856 expleverim.
931 3795 997 3844 Nam
1019 3797 1114 3845 Marius
1137 3796 1255 3844 adversus
1281 3793 1404 3843 Santonas
1421 3795 1482 3844 talia

344 3870 456 3921 Juvenal.
480 3869 552 3919 Satir.
574 3869 627 3918 III.
649 3870 705 3922 278.
739 3873 839 3922 Ebrius
860 3890 891 3924 ue
930 3873 981 3922 tela
997 3882 1148 3923 commentus
1169 3882 1219 3932 est,
1244 3879 1272 3920 ut
1296 3871 1376 3920 fracta
1399 3874 1480 3922 mitte-

340 3952 472 4013 petulcne,
499 3951 543 4011 qui
569 3950 669 3997 nullum
690 3949 764 4013 sorte
787 3955 889 4012 cecidit,
930 3960 1028 4011 rentur,
1045 3969 1077 4002 ne
1088 3954 1180 4002 remitti
1191 3953 1222 4001 ab
1233 3950 1342 4000 hostibus
1353 3958 1480 4012 possent.“

342 4031 399 4076 Dat
413 4043 519 4092 poetae,
543 4033 638 4076 noctem
658 4031 761 4090 patitur
781 4031 890 4093 lupentio
930 4030 1025 4080 Versus
1042 4032 1144 4095 Virgilii
1161 4038 1218 4080 sunt
1235 4031 1300 4080 Aen.
1312 4030 1362 4078 IX.
1375 4030 1477 4094 410.eq.

341 4109 449 4157 amicum
479 4107 597 4166 Pelidae,
624 4110 700 4156 cubat
728 4111 755 4157 in
777 4109 889 4172 facim,
929 4115 980 4159 toto
996 4113 1117 4159 couniens
1133 4126 1236 4175 corpore
1239 4110 1344 4173 ferrum
1361 4109 1477 4158 Conilcit.

338 4201 395 4234 nica
411 4188 498 4235 deinde
513 4187 636 4248 supinus:
662 4187 731 4250 Eupo
747 4203 796 4237 nou
812 4191 890 4237 aliter
930 4190 1018 4236 Hasta
1043 4192 1128 4237 colans
1152 4191 1231 4238 noctu
1256 4189 1398 4237 diverberat
1423 4203 1476 4235 um·

337 4267 432 4327 poterit
447 4266 562 4314 dormire.
601 4265 759 4322 Quibusdam
774 4280 888 4314 somnum
929 4270 986 4316 brus
1005 4269 1043 4315 Et
1059 4269 1128 4316 uenit
1143 4269 1242 4317 aduersi
1257 4268 1285 4314 in
1302 4272 1399 4326 terpum
1418 4267 1476 4314 Sul-

340 4345 399 4391 rieo
409 4343 488 4404 facit.
522 4343 558 4393 Ut
578 4343 675 4391 Horatii
695 4343 776 4391 locum
798 4344 834 4392 ita
849 4358 887 4392 ac-
928 4346 1108 4408 mutastique
1121 4348 1273 4409 Frangitur,
1292 4344 1475 4406 ocfiecotran·

340 4421 472 4483 cipiamua,
488 4423 575 4470 suadet
592 4436 627 4469 ve.
649 4423 686 4471 10.
721 4424 772 4471 Sed
790 4424 814 4470 ei
832 4429 887 4471 tan·
926 4425 962 4472 cit
988 4427 1135 4485 praecordia
1163 4427 1235 4488 lique.
1277 4423 1372 4472 Eodem
1401 4423 1475 4470 modo

341 4507 382 4548 tue
400 4515 470 4548 amor
485 4501 608 4550 scribendi
625 4505 650 4547 te
666 4502 744 4562 rapit.
928 4501 993 4552 Galli
1011 4511 1114 4566 pereunt
1126 4521 1140 4552 a
1152 4504 1284 4560 Romanis,
1296 4503 1393 4550 hastam
1404 4509 1473 4550 tanta
