3542 5634
413 543 475 606 188
794 543 839 605 ΙΙ.
887 559 1015 606 sarisa
1039 559 1082 617 11,
1106 560 1159 605 111.

409 742 493 776 versas
509 729 642 791 scripturas
678 730 756 777 Cuius
772 732 869 778 odorem
890 732 938 778 olei
958 735 984 777 et
1004 730 1076 778 cuius
1099 731 1196 777 odorem
1220 731 1308 779 oleum.
1342 731 1454 795 Utraque
1479 743 1550 783 certe

409 809 501 856 Latina
517 815 567 865 est,
585 815 609 856 et
625 808 730 857 Horatio
747 811 819 872 putta
836 809 919 871 digna.
953 807 1085 858 Genitirus
1102 808 1202 856 videtur
1211 810 1292 871 magis
1303 811 1448 873 exquisitus.
1480 813 1549 862 Scri·

409 886 465 935 bere
482 901 579 951 quoque
595 886 726 949 potuisset:
750 886 833 934 Cuius
853 889 951 935 odorem
971 888 1020 934 ont
1035 901 1143 948 0000000
1158 885 1274 952 perferre
1290 915 1321 922 —
1340 916 1373 924 -
1393 905 1473 940 00000
1493 894 1552 955 ipse

408 968 494 1014 bilibri
510 969 537 1014 id
556 965 679 1014 Cautibus
694 967 813 1014 instillat.
846 965 935 1014 Livius
953 964 1057 1013 XXXI.
1074 966 1115 1013 44.
1152 966 1203 1014 Cui
1218 968 1274 1016 odio
1289 969 1318 1015 io
1336 970 1551 1033 Philippumpor

408 1050 502 1093 metum
517 1046 569 1092 iam
586 1042 630 1092 diu
647 1047 775 1093 truderatu
792 1049 863 1104 erut,
879 1046 992 1094 idemne
1008 1046 1036 1092 iu
1053 1045 1147 1092 auctio·
1160 1048 1302 1106 proesentis
1316 1061 1386 1109 spem
1401 1048 1505 1110 effudit.

457 1123 488 1172 P.
509 1124 564 1192 103ΙῚ
597 1125 627 1174 Si
644 1129 669 1172 te
684 1125 757 1172 uliud
771 1139 879 1185 0000000
897 1125 1036 1172 detorserit.
1071 1123 1130 1171 Huc
1151 1124 1257 1185 pertinet
1278 1125 1406 1174 annotatio
1422 1127 1550 1177 Grouovii

409 1203 440 1250 ad
456 1203 623 1272 Liviumlv.
641 1203 681 1252 26.
707 1202 751 1262 „A
768 1202 830 1250 vitio
846 1203 956 1266 corporis
972 1205 1003 1251 ad
1020 1203 1109 1251 vitium
1125 1203 1202 1250 animi
1219 1204 1409 1263 transtulerrmt,
1425 1207 1489 1254 adeo
1498 1208 1549 1255 fre·

409 1277 602 1348 quentato'usu,
618 1293 647 1330 ut
662 1283 787 1345 propriam
804 1297 883 1344 paene
904 1282 1112 1345 significationem
1135 1285 1289 1333 exstinxerit
1322 1285 1437 1348 Apparet
1460 1294 1550 1335 tamen

409 1363 552 1431 origolcnm
569 1362 732 1410 translatione
749 1363 775 1410 in
793 1361 836 1410 illo
852 1362 953 1410 Horatii
969 1363 1006 1410 11.
1031 1363 1113 1412 Satira
1129 1363 1167 1411 II.
1182 1362 1292 1426 frustra
1312 1365 1403 1412 010000
1424 1366 1551 1413 mm

408 1445 474 1491 illud
490 1445 522 1491 St
537 1448 562 1490 te
577 1442 629 1490 ulio
642 1457 753 1504 prauum
769 1443 927 1490 Morou?
962 1445 1078 1490 Prorsun
1093 1456 1182 1505 nempe
1198 1442 1225 1490 in
1235 1456 1337 1504 corpore
1347 1445 1474 1491 detortum
1486 1458 1551 1507 quo-

408 1536 456 1584 que
472 1521 571 1569 dicitur.
597 1520 659 1578 Hic,
675 1527 747 1584 puto,
764 1521 869 1568 verbum
885 1521 969 1570 vitare
984 1522 1066 1583 magis
1082 1522 1181 1580 suadet,
1197 1529 1225 1569 nt
1241 1522 1390 1584 accipiamus
1399 1524 1551 1584 detorquere

409 1601 439 1648 dc
455 1615 530 1648 cursu
545 1614 674 1662 aequoreo.
707 1601 814 1648 Frustra
829 1599 947 1648 vitaveris
963 1601 1026 1648 illud
1043 1601 1133 1649 vitium
1149 1609 1175 1649 ct
1190 1601 1318 1650 deflexeris
1334 1616 1350 1648 a
1366 1600 1509 1663 Charybdi,
1527 1602 1550 1648 si

409 1679 475 1726 aliud
493 1686 517 1727 te
533 1693 636 1741 pravum
654 1679 689 1725 ad-
702 1677 812 1742 Scyllam
829 1679 966 1727 detorserit.
999 1680 1093 1728 Melius
1108 1680 1156 1729 sibi
1171 1680 1320 1742 respondent
1335 1680 1491 1728 substantiva
1506 1684 1548 1730 ui·

409 1761 474 1805 tium
491 1765 516 1807 et
530 1774 650 1820 promen,
668 1773 743 1821 quam
760 1761 852 1806 vitium
869 1765 895 1806 et
911 1765 1075 1821 leprarum,
1092 1760 1114 1807 si
1129 1774 1223 1821 pravus
1239 1759 1281 1806 sis.

458 1839 487 1886 P.
508 1840 562 1890 107.
598 1838 682 1899 Culpa
697 1844 787 1898 potare
804 1840 935 1900 mopistru.
970 1835 1033 1886 Cato
1049 1839 1074 1885 in
1091 1838 1162 1886 Diris
1181 1840 1235 1887 159.
1261 1841 1346 1887 Istius
1356 1843 1434 1901 utque
1444 1842 1550 1889 utinum

403 1917 474 1979 sueti
489 1933 544 1965 mea
559 1921 636 1982 eulpa
652 1921 772 1981 nmqistru
806 1922 901 1968 Primo
911 1922 990 1983 foret.
1023 1919 1076 1968 Ubi
1093 1919 1217 1982 Scaliger:
1235 1926 1325 1982 „atque
1341 1919 1439 1967 utinam
1449 1920 1549 1983 primus

408 1997 454 2045 hoc
470 1997 565 2046 malum
582 1998 725 2061 exemplum
741 1999 846 2062 posteris
862 1998 1031 2061 reliquissem,
1047 2005 1076 2046 nt
1092 1999 1186 2046 dicerer
1201 2006 1287 2047 aucun
1297 1997 1388 2046 occulti
1399 2000 1505 2060 amoris;
1516 2008 1549 2049 ut

409 2080 475 2140 apud
492 2078 642 2136 Horatium,
659 2079 736 2140 eulpa
750 2083 842 2140 potare
857 2080 1006 2140 maqiotrof‘

457 2156 489 2206 P.
508 2157 564 2206 108.
600 2156 684 2218 Culpa
698 2162 789 2219 potare
813 2159 944 2218 0000100το.
977 2155 1079 2205 Conieci
1104 2159 1210 2205 Paullo.
1244 2155 1386 2204 Potuissem
1410 2164 1436 2204 et
1459 2159 1548 2206 Pollu.

407 2238 504 2286 Notum
519 2251 610 2284 nomen
626 2250 660 2284 ex
675 2236 706 2285 P.
724 2234 811 2284 Statio.
845 2236 928 2284 Mater
944 2249 1041 2298 quoque
1057 2234 1160 2298 Virgilii
1175 2235 1315 2298 appellatur
1331 2237 1421 2294 Polio,
1440 2237 1468 2284 in
1483 2237 1548 2285 Vita

408 2314 489 2372 illius,
505 2302 580 2377 quam
596 2315 734 2378 composuit
750 2313 934 2362 Grammaticus
951 2315 1057 2363 Phocus.
1089 2315 1162 2377 Ergo
1185 2323 1210 2364 et
1230 2329 1323 2363 nomen
1342 2314 1455 2362 mulieris
1477 2316 1551 2370 hand

408 2394 444 2441 ita
460 2394 556 2443 nobilis.

457 2472 488 2522 P.
508 2473 555 2522 108
600 2475 725 2522 Venerato
744 2473 819 2522 Cerea
837 2479 866 2522 ut
881 2480 1003 2536 serperet.
1037 2473 1079 2523 Sic
1095 2473 1163 2522 Deos
1180 2475 1332 2522 adorarent
1347 2473 1402 2520 sim.
1429 2472 1547 2522 Gronov.

409 2553 441 2600 ad
457 2553 558 2601 Livium
575 2552 679 2601 XXXI.
695 2552 720 2600 8.
1179 2561 1187 2574 ·

827 2668 885 2709 11.
921 2657 1058 2707 SATIBA
1074 2658 1127 2708 ΠΙ.

458 2788 489 2835 P.
508 2788 562 2836 110.
598 2785 708 2834 Comites
724 2787 827 2834 eduum
843 2791 935 2834 tantos.
968 2785 1078 2835 Comites
1095 2792 1196 2844 tostos,
1215 2793 1299 2834 tantos
1319 2786 1398 2844 viros,
1414 2787 1547 2850 scriptores

409 2871 493 2914 mutae
509 2864 663 2914 auctoritatis
679 2871 704 2912 et
720 2863 827 2926 gloriae,
848 2865 893 2927 qui
913 2865 953 2913 vel
974 2866 1027 2914 solo
1043 2866 1143 2914 nomine
1158 2873 1184 2914 te
1200 2867 1233 2912 ad
1248 2865 1407 2913 scribendum
1422 2866 1547 2915 debebant

410 2945 542 3008 impellere.
569 2945 597 2995 si
613 2944 733 2993 Horatius
748 2945 869 2993 voluisset
885 2945 963 2994 libros
981 2952 1070 2995 tuutoo
1085 2948 1171 3003 mlta,
1187 2947 1270 3008 potins
1281 2945 1419 3008 scripsisset
1428 2948 1547 3008 0000000.

458 3026 489 3073 P.
509 3027 564 3074 111.
599 3027 654 3073 Rea
669 3041 724 3073 0000
734 3022 827 3086 fructa
843 3031 886 3073 ert.
919 3026 988 3073 Nota
1010 3026 1155 3088 metaphora
1175 3025 1321 3088 nuusruoii,
1346 3024 1493 3087 praesertim
1518 3024 1547 3072 in

409 3119 436 3152 re
453 3103 579 3161 familiari,
596 3110 625 3150 ut
641 3104 688 3152 hic.
721 3103 804 3151 Hnins
826 3105 984 3168 metaphorae
1004 3106 1055 3153 dno
1078 3104 1193 3167 exempla
1211 3104 1274 3151 mihi
1290 3118 1387 3166 semper
1401 3105 1467 3152 mira
1482 3105 1547 3152 acci·

409 3185 514 3242 derunt,
528 3183 632 3246 Nepotis
649 3183 676 3230 in
693 3183 815 3231 Themist.
831 3183 896 3232 VII.
913 3189 939 3231 et
955 3183 986 3231 P.
1003 3182 1087 3232 Melae
1102 3182 1182 3231 11.11.
1214 3183 1312 3244 Nepos:
1331 3184 1445 3231 Illorum
1459 3187 1547 3233 artem

409 3268 440 3311 at
455 3265 672 3326 propuonueulum
689 3263 830 3324 oppositum
845 3277 897 3311 erre
912 3265 1041 3319 tortor-is,
1063 3264 1135 3324 opud
1153 3253 1230 3324 00000
1254 3264 1307 3309 ium
1330 3263 1368 3309 tis
1387 3263 1492 3311 01000000
1507 3279 1547 3312 re

408 3345 476 3408 pium
485 3344 581 3406 jecisse
595 3343 767 3406 nousroyium.
804 3342 885 3392 Mela:
903 3344 1011 3390 Flumen
1032 3344 1113 3404 Aepoo
1128 3341 1265 3404 usofructo
1280 3343 1371 3390 classis
1387 3344 1493 3390 Atticae
1507 3343 1547 3389 in·

373 3452 375 3456 ,
408 3426 483 3486 siene.
516 3423 636 3472 anerus
653 3424 684 3470 ad
700 3423 805 3473 Florum
821 3425 844 3472 1.
860 3436 921 3471 xm.
940 3421 978 3469 19.
1011 3420 1095 3469 110100
1118 3421 1197 3469 rerba
1219 3421 1252 3467 ad
1273 3419 1421 3483 explicanda
1440 3419 1546 3482 Nepotis

409 3504 459 3550 iam
475 3503 594 3550 adhibuit.
627 3501 659 3549 In
676 3501 813 3566 uousrupio
829 3502 920 3552 0100010
935 3501 1020 3548 omnia
1041 3507 1101 3548 sunt
1124 3501 1232 3562 propria
1264 3499 1329 3560 Quis
1351 3499 1420 3547 locus
1444 3506 1547 3561 superat

408 3582 584 3644 Metaphoraet
616 3581 671 3628 Iam
688 3595 768 3644 neque
782 3582 810 3629 in
826 3580 915 3629 Attica
930 3579 1015 3628 elassis
1030 3579 1102 3642 regia
1117 3579 1216 3642 proprie
1230 3578 1391 3641 pannagium
1408 3577 1479 3634 tecit,
1502 3591 1545 3626 nc·

409 3674 458 3723 que
474 3660 501 3707 in
517 3659 618 3708 flumine
633 3661 814 3724 Aegospotami
823 3660 911 3708 classis
920 3661 1017 3709 Attica.
1040 3661 1156 3708 Fortasse
1166 3661 1251 3722 Nepos
1261 3660 1371 3722 suipsit:
1387 3660 1460 3720 opud
1468 3674 1546 3720 00000

408 3742 461 3788 iuni
477 3740 513 3787 tis
529 3754 587 3800 opes
602 3741 685 3802 reolus
694 3740 790 3802 secuse
805 3739 978 3802 neufredum.
1011 3740 1052 3788 Ita
1071 3739 1134 3787 solet
1154 3740 1239 3801 Nepos
1256 3738 1382 3802 appellare
1396 3745 1546 3801 potestatem
1650 3783 1659 3797 ,

408 3819 475 3882 regis
492 3819 634 3866 Persarum.
667 3818 709 3866 De
724 3819 838 3883 exemplo
854 3819 950 3877 Melae,
972 3821 1120 3882 deceptusne
1144 3817 1220 3867 fuerit
1239 3825 1357 3881 corrupta
1378 3819 1503 3881 scriptura
1518 3818 1545 3866 in

408 3899 518 3962 Nepote,
535 3912 568 3946 an
584 3897 688 3945 1000000
703 3898 793 3946 similia
809 3898 925 3961 exempla
940 3899 1094 3955 exstiterint,
1110 3897 1171 3962 qnid
1186 3897 1269 3945 dicam
1280 3897 1372 3945 nascio.
1404 3898 1481 3946 Nunc
1490 3898 1545 3960 qni-

409 3980 465 4026 dam
482 3977 625 4041 exemplum
641 3992 693 4026 non
709 3985 806 4038 exstat;
823 3991 869 4026 nec
886 3977 994 4026 Graecos
1009 3978 1047 4025 ita
1061 3977 1157 4025 1000100
1172 3991 1226 4024 esse
1241 3982 1311 4039 puto.

456 4059 487 4106 P.
506 4059 561 4106 111.
595 4059 698 4106 Emooit
714 4065 821 4107 ueterm
836 4059 902 4105 mire
917 4073 1000 4106 mnus.
1033 4054 1196 4105 Conieoeram
1211 4068 1324 4117 quoqne:
1353 4056 1459 4103 Emouit
1481 4062 1544 4104 rete·

408 4153 462 4186 rem
478 4139 516 4185 ire
531 4153 618 4187 00000.
651 4137 756 4186 Morbus
772 4141 808 4195 it,
823 4137 890 4193 abit,
904 4143 934 4184 ut
948 4138 986 4184 ite
1001 4137 1108 4190 0010000,
1124 4136 1174 4184 iia
1190 4136 1286 4182 mulum
1300 4133 1479 4191 0000000110
1501 4135 1543 4183 In.

408 4217 530 4274 finitivus,
546 4217 627 4279 qualis
642 4219 732 4266 000010
747 4220 797 4276 ire,
813 4218 1010 4280 postremam.
1041 4214 1131 4263 Horat.
1142 4213 1227 4263 carm.
1239 4213 1263 4261 Ι.
1273 4212 1381 4262 XXIIL
1394 4214 1432 4262 10.
1461 4215 1544 4276 Atqui

408 4312 458 4346 000
473 4311 515 4358 000
531 4301 568 4352 te,
585 4299 659 4358 tiqris
675 4304 705 4346 ut
722 4313 814 4360 aspero
850 4298 1006 4345 Gaetulum
1021 4297 1059 4343 leo
1068 4295 1193 4357 frontum
1205 4308 1348 4355 persequor.

456 4373 488 4422 P.
508 4377 562 4424 lla
596 4377 713 4426 Bor-bum
735 4379 881 4439 rapiesuem.
913 4377 974 4424 Non
1000 4382 1102 4438 apparet
1128 4374 1187 4438 qnid
1215 4371 1403 4422 commentator
1426 4371 1542 4420 volucrit.

408 4453 549 4516 Porphyris
565 4456 680 4504 disertius
697 4457 843 4506 declaravit:
862 4455 1114 4518 „Sapientemmon
1134 4453 1206 4516 qnasi
1226 4453 1310 4514 ipsum
1325 4450 1478 4513 sapientem,
1499 4450 1543 4498 sed

409 4530 510 4580 barbam
526 4535 687 4596 sapientem.“
