3542 5634
643 526 828 590 LIBER
875 526 900 590 Ι.

250 713 363 779 Ditem
386 712 521 794 Asiam,
547 712 661 797 Rupili
684 719 718 776 et
742 713 833 778 Persi
857 735 916 799 par
939 720 1084 799 pugnat,
1109 715 1158 779 uti
1185 738 1250 779 nou

251 816 435 902 Compositi
457 815 576 880 melius
600 838 675 880 cum
699 816 797 880 Bitho
825 817 994 882 Bacchius.
1045 818 1083 882 Iu
1108 818 1159 882 ius

249 920 350 985 Acres
374 924 586 1004 procurrunt,
611 940 770 1003 magnum
795 920 1018 1004 spectaculum
1043 929 1187 1006 uterque.

250 1021 382 1088 Persius
405 1020 542 1106 exponit
564 1043 713 1103 causam,
738 1022 862 1086 ridetur
885 1023 927 1086 ab
952 1024 1056 1087 omni'

251 1126 438 1203 Conventu3
463 1124 577 1190 laudat
601 1124 741 1190 Brutum
766 1126 944 1212 laudatque
967 1127 1149 1192 cohortem:
1193 1131 1196 1148 ⁴

251 1228 360 1295 Solem
384 1227 484 1293 Asiae
507 1227 648 1292 Brutum
671 1229 835 1312 appellat,
863 1230 1043 1315 stellasque
1069 1229 1215 1294 salubres

249 1331 408 1417 Appellat
430 1329 583 1418 comites,
608 1337 742 1415 excepto
767 1333 872 1417 Rege;
897 1354 1012 1398 canem
1034 1333 1148 1414 illum,

249 1434 400 1500 Invisum
421 1432 574 1518 agricolis
599 1432 707 1516 sidus,
732 1435 880 1500 venisse:
905 1435 1021 1501 ruebat

250 1537 391 1603 Flumen
414 1543 453 1602 ut
475 1537 665 1619 hibernum,
690 1539 880 1625 ferturque
904 1561 976 1605 rara
1000 1539 1130 1604 securis.

205 1765 306 1812 caeteris
317 1763 422 1820 omissis,
438 1762 534 1824 melina,
545 1766 625 1821 eredo,
641 1763 683 1821 ita,
694 1777 750 1812 nar·
786 1764 916 1826 fratrum,
933 1762 1081 1818 amicorum,
1098 1767 1123 1808 et
1133 1757 1341 1816 aliahuiusmodi,

205 1851 294 1891 resset:
320 1845 369 1890 uiui
398 1845 464 1905 qeuod
488 1845 571 1892 virtue
593 1844 621 1891 in
646 1849 751 1906 utroque
792 1841 841 1889 huc
856 1856 907 1890 non
918 1841 1050 1904 pertinent.
1076 1839 1144 1896 Iam,
1161 1840 1282 1887 sinerum
1296 1847 1342 1894 est,

206 1923 311 1971 Summa
322 1922 388 1985 fuit.
424 1923 513 1984 Nuper
531 1925 617 1971 Bruto
634 1928 753 1985 praetore
791 1919 857 1983 quod
873 1919 1011 1983 disputavi,
1027 1919 1147 1967 Horatius
1158 1918 1266 1981 scripsit:
1286 1919 1341 1965 Ru·

207 2007 306 2050 tenente
348 2002 436 2049 Ditem
464 2002 553 2048 Asiam
574 2014 610 2063 sq.
654 2003 751 2061 Nuper,
790 2002 840 2062 pili
856 2006 882 2048 et
901 2000 975 2048 Persi
991 2013 1041 2060 ραν
1056 2013 1143 2059 pugno
1160 2004 1229 2052 erat,
1246 2003 1276 2046 ut
1293 2013 1342 2046 non

205 2088 234 2129 ut
250 2087 337 2129 notum
362 2087 412 2139 est,
433 2081 464 2127 de
485 2086 596 2142 tempore
617 2093 662 2127 seu
682 2078 753 2126 brevi
795 2076 932 2139 Conpositi
950 2078 1102 2125 molluscum
1114 2077 1341 2124 Bittancelttua.

205 2174 250 2208 sau
266 2159 310 2207 diu
326 2159 458 2222 praeterito
473 2159 587 2206 sumitur.
792 2157 828 2205 Ut
844 2156 935 2204 Bithus
949 2161 974 2202 et
990 2152 1113 2204 Bacchius
1130 2168 1180 2202 non
1196 2152 1285 2201 melius
1303 2167 1340 2201 es·

240 2240 332 2300 Rupili
340 2244 365 2286 et
376 2239 453 2286 Perat
467 2253 520 2299 por
535 2242 642 2300 pugnat,
654 2239 694 2284 uti
703 2252 752 2284 non
792 2242 847 2282 sent
855 2235 998 2297 compositi,
1013 2248 1118 2297 quorum
1135 2239 1260 2282 certamen
1274 2247 1341 2280 mora

208 2318 441 2377 Fonapoaitimeliur
452 2331 507 2366 oum
523 2317 603 2363 Bittio
616 2316 751 2363 Boeotius.
792 2312 845 2361 sola
861 2313 934 2361 finire
951 2319 1054 2376 poterat,
1072 2319 1100 2360 ut
1117 2319 1244 2360 certamen
1262 2311 1344 2360 Persii

204 2396 332 2445 Bentleius
348 2403 414 2444 recte
430 2393 548 2458 praetulit
564 2396 710 2457 conrpositi3
726 2394 752 2442 in
793 2401 818 2442 et
835 2392 929 2455 Rupilii
945 2398 1042 2455 poterat
1059 2390 1174 2440 Praetor.

204 2474 260 2522 aliis
277 2475 352 2524 MSS.
368 2482 422 2523 erat
438 2475 601 2535 compositum
617 2480 641 2520 et
658 2488 752 2536 compo·
828 2474 930 2520 Ruebot
956 2474 1062 2519 Flumen
1080 2477 1109 2519 ut
1126 2473 1271 2527 hibernum,
1287 2471 1344 2532 fer·

204 2557 277 2602 situs.
310 2554 405 2603 Dubito
423 2561 506 2601 autem
527 2567 559 2600 au
581 2552 640 2600 satia
661 2552 752 2600 Latine
794 2557 838 2600 tur
854 2566 902 2613 quo
919 2566 982 2598 rura
998 2550 1101 2598 securta.
1128 2549 1165 2597 Hi
1181 2548 1344 2610 interpretan-

204 2633 302 2681 dicatur
316 2649 368 2696 por
379 2634 483 2696 Rupilii
499 2632 625 2687 aeaut,
642 2625 687 2694 pro
699 2633 752 2678 Itu·
793 2639 846 2680 tur:
873 2629 915 2677 ubi
940 2629 1050 2692 virgulta
1075 2636 1099 2677 et
1124 2627 1222 2676 arbores
1248 2627 1345 2676 flumini

202 2714 287 2775 ρὶιὶαν
314 2718 339 2761 et
365 2715 473 2761 Persius
496 2727 554 2773 por.
595 2711 637 2759 Ita
665 2707 753 2758 Cicero
793 2706 1344 2773 suntirnpediment03illi:ubinousuntvir·

204 2790 523 2852 trudonensium.
565 2791 651 2837 Unum
671 2788 753 2850 igitur
794 2789 1017 2852 gultaetarbores.
1045 2788 1345 2850 Neutrum,nequeper-

201 2883 264 2931 ραν,
281 2871 347 2931 quod
362 2873 492 2932 depugnet,
508 2869 634 2929 reliquum
650 2871 694 2923 est,
707 2868 753 2914 Vo·
794 2869 878 2931 spicue
889 2883 967 2932 neque
979 2866 1103 2930 eleganter
1116 2879 1269 2930 expressum,
1285 2866 1346 2914 adeo

205 2948 294 3007 luptos
309 2963 365 2996 cum
382 2949 531 2994 Honestate.
557 2944 654 2992 Auctor
665 2944 697 2990 ad
710 2944 754 2992 Li·
795 2954 824 2994 ut
840 2962 891 2995 non
907 2949 1006 2996 credam
1023 2947 1155 2994 Horatium
1167 2947 1201 2994 ita
1212 2945 1346 3009 scripsisse.

205 3025 274 3073 viam
291 3025 347 3074 301.
366 3027 424 3072 Pur
438 3027 496 3072 tene
506 3023 676 3083 compositum,
686 3023 754 3070 tuve·
797 3025 825 3074 Si
842 3026 1013 3087 praecessietet
1025 3026 1101 3081 silon,
1114 3022 1198 3087 paullo
1208 3024 1298 3072 melius
1310 3023 1347 3070 in·

204 3119 267 3152 num
283 3103 448 3166 firmissimus
473 3103 552 3158 alter,
584 3101 676 3147 Altero
701 3105 755 3148 tam
796 3101 962 3164 telligeremus
981 3105 1208 3164 quorornaecuria
1219 3103 1347 3165 serretur,

199 3183 272 3246 forti
289 3186 379 3229 mutua
395 3195 459 3230 curu
475 3181 538 3228 viro.
572 3179 642 3227 Haec
662 3178 713 3226 iam
728 3179 756 3226 in
797 3180 838 3229 vel
862 3180 897 3228 sic
920 3188 1005 3229 tamen
1028 3179 1088 3227 illud
1114 3179 1176 3226 mihi
1201 3180 1347 3242 displiceret.

206 3259 394 3312 Commentario
418 3258 516 3308 Bentlei
541 3259 639 3307 adsunt.
682 3258 756 3306 Adde
797 3260 942 3322 Quisenim
959 3273 1037 3322 aequo
1059 3257 1142 3304 animo
1164 3257 1264 3315 toleret,
1284 3275 1348 3307 νανα

208 3340 289 3390 Cicer.
315 3339 346 3386 de
372 3337 430 3402 0pt.
453 3351 509 3402 gen.
535 3337 604 3388 Orat.
626 3337 649 3384 6.
677 3339 699 3384 Δ
718 3353 757 3386 me
796 3342 892 3389 securis
917 3340 945 3386 in
967 3339 1055 3385 ulnam
1078 3337 1179 3396 fertur,
1205 3350 1250 3398 pro
1272 3336 1347 3394 silva,

207 3425 294 3468 autem
319 3419 489 3480 gladiatorum
505 3432 556 3480 ραν
573 3417 756 3464 νιαιιιὶννὶναααι
796 3434 860 3468 νανα
875 3417 958 3466 securi
974 3429 1060 3473 caesa,
1081 3415 1147 3462 atlon
1164 3416 1209 3462 diu
1225 3417 1349 3463 incaedua

208 3499 351 3557 inducitur,
368 3499 511 3553 Aeschines,
521 3502 650 3558 tamquam
668 3496 758 3542 Aeser·
797 3498 868 3546 aim?
893 3495 967 3544 Nunc
983 3493 1109 3557 praecedit
1121 3493 1347 3556 flunwmergoge.

208 3578 297 3634 nim,
323 3580 351 3624 ut
372 3577 411 3623 ait
429 3577 560 3631 Lucilium
584 3588 633 3621 Ἀθη
650 3586 757 3634 φανναν
797 3579 869 3627 curie
880 3573 1001 3623 ferturad
1006 3573 1112 3636 flumen,
1124 3579 1148 3620 et
1159 3572 1348 3628 assumendum,
1438 3566 1441 3572 '

210 3658 294 3713 homo,
311 3657 354 3704 aed
369 3657 456 3705 doctus
468 3659 493 3702 et
509 3667 567 3701 orer
598 3650 663 3698 Cum
681 3652 757 3700 Puci-
798 3656 834 3703 nd
848 3656 950 3702 arborea
968 3651 994 3698 in
1011 3651 1064 3714 ripa
1081 3650 1189 3699 fluminis
1206 3653 1349 3701 medendos.

211 3737 288 3783 diano
305 3736 345 3783 liic
360 3735 525 3796 componitur.
559 3731 678 3780 Lucanus
694 3727 758 3777 VII.
799 3733 883 3784 Multa
898 3731 1003 3788 conieci,
1019 3745 1043 3778 v.
1061 3745 1081 3779 o.
1103 3731 1148 3780 hoc
1164 3745 1274 3795 quoque:
1291 3747 1348 3782 rue·

211 3813 270 3861 695.
295 3814 338 3861 sed
359 3827 419 3874 ραν,
440 3811 505 3874 quod
519 3825 615 3873 semper
632 3811 759 3865 habemus,
800 3819 857 3870 tat,
881 3814 987 3860 Flumen
1008 3817 1038 3859 ut
1060 3813 1190 3860 liberaum
1201 3811 1292 3875 fertur
1308 3827 1351 3860 να-

212 3893 333 3939 Litertoa
357 3897 382 3939 et
404 3890 501 3939 Onetor
521 3894 603 3938 eruut.
626 3887 711 3937 Senec.
729 3887 760 3934 de
800 3893 859 3954 pido
875 3893 904 3939 tu
920 3897 979 3939 sato
990 3905 1075 3941 curam
1110 3889 1146 3938 Ut
1157 3890 1261 3938 Homeri
1272 3889 1303 3938 Il.
1320 3896 1350 3938 A.

213 3971 331 4020 P10V12·
354 3972 420 4019 Εθθθ
435 3985 500 4033 ΡΜ,
520 3971 573 4016 000
589 3969 705 4030 utquam,
721 3967 761 4014 ῑ-’ὶν
801 3972 858 4020 492.
875 3969 919 4028 Ὡς
933 3968 954 4019 δ’
963 3968 1039 4018 ὁπότε
1057 3968 1165 4028 πλήθων
1183 3969 1298 4033 ποταμὸς
1311 3985 1352 4016 πε-

207 4051 291 4115 fortia
318 4066 374 4099 cum
391 4049 583 4112 molesmum
603 4047 763 4109 compotim-
802 4049 883 4100 ὃίονδε
911 4049 1003 4098 κάτεισι
1033 4045 1175 4112 χειμάῤῥος.
1214 4045 1287 4108 Virg.
1316 4046 1352 4094 Il.

214 4132 250 4180 Et
266 4129 302 4177 sic
318 4129 421 4193 ubique:
438 4128 514 4176 etiam
530 4124 573 4173 ubi
589 4125 691 4173 nomina
706 4137 762 4186 pro·
803 4129 868 4178 Aen.
893 4128 950 4176 305.
978 4127 1084 4188 rupidus
1109 4130 1225 4174 montano
1243 4125 1354 4188 flumine

215 4211 271 4274 pria
286 4225 336 4257 non
353 4209 540 4273 exprimuntur,
556 4207 599 4254 sed
615 4206 763 4268 cogitantur,
804 4213 903 4256 torrens
935 4206 1035 4254 Sternit
1062 4217 1148 4264 ngr-oa,
1176 4205 1269 4250 sternit
1295 4210 1353 4252 anta

215 4298 245 4339 ut
269 4290 371 4338 Petron.
395 4304 419 4351 p.
436 4289 493 4337 396.
522 4287 577 4334 Ραν
605 4287 763 4346 Thebanum,
805 4288 886 4343 lueto,
910 4286 1029 4344 boumque
1050 4283 1160 4329 latores..
1195 4279 1353 4330 Commenta·

216 4383 306 4432 nempe
316 4369 428 4416 Eteoclea
439 4373 464 4414 et
477 4366 622 4427 Polynices:
640 4379 689 4412 non
702 4365 764 4410 Tta-
805 4371 856 4413 tor:
875 4368 918 4420 „ut
934 4363 965 4409 de
982 4359 1105 4408 altissimis
1121 4358 1245 4408 montibus
1256 4366 1354 4410 torrens

218 4452 353 4506 banorum,
369 4447 435 4510 quod
452 4442 618 4504 malelegitur
635 4443 765 4492 inMinut.
806 4443 908 4493 hiberno
929 4448 1037 4503 tempore
1058 4438 1120 4487 solet
1140 4438 1293 4501 rapidissime
1315 4442 1355 4490 de·

220 4527 274 4577 Fal.
292 4527 379 4577 Oetav.
396 4541 419 4588 p.
439 4526 493 4575 140.
527 4523 579 4570 Par
587 4523 766 4584 proauorum,
807 4524 930 4570 currere.“
966 4519 1078 4568 Videant
1088 4517 1188 4577 alii,an
1201 4517 1303 4583 vulgata
1315 4522 1356 4570 rol

1202 4601 1219 4663 5
