3542 5634
660 567 840 632 LIBER
885 569 929 632 ll.

176 781 178 786 ·
269 755 448 819 Fortunam
472 762 504 818 et
528 773 631 816 mores
655 751 807 836 antiquae
830 751 954 837 plebis,
978 760 1011 818 et
1035 754 1164 834 idern,.

265 857 300 922 si
323 857 395 943 quis
419 856 461 920 ad
484 855 541 919 illa
564 855 642 919 dens
667 854 775 919 subito
799 861 831 919 te
853 862 948 939 agat,
975 877 1075 941 nsque
1098 878 1242 939 necasse,

265 961 335 1024 Aut
356 959 433 1045 quia
455 980 521 1023 non
545 957 662 1040 sentis,
687 958 772 1043 quod
796 958 936 1039 clamas,
960 959 1078 1023 rectius
1101 981 1188 1041 esse,

264 1065 333 1126 Aut
356 1061 432 1147 quia
454 1084 519 1127 non
542 1063 655 1126 firmus
679 1069 803 1126 rectum
827 1061 992 1143 defendis,
1016 1070 1049 1126 et
1072 1063 1182 1127 haeres

264 1165 491 1251 Nequidquam
514 1187 612 1230 coeno
635 1164 768 1249 cupiens
792 1165 927 1230 evellere
949 1165 1107 1250 plantam.

265 1269 388 1333 Romae
410 1290 465 1332 rus
489 1275 600 1353 optas,
625 1268 792 1332 absentem
815 1267 956 1332 rusticus
979 1268 1093 1332 urbem

265 1370 364 1436 Tollis
387 1371 429 1436 ad
452 1380 540 1438 astra
562 1371 652 1436 levis.
702 1371 737 1436 si
761 1392 924 1456 nusquam
947 1393 982 1437 es
1004 1372 1088 1436 forte
1110 1378 1242 1437 vocatus

266 1475 321 1539 Ad
344 1496 493 1557 coenam,
517 1475 631 1540 laudas
656 1495 803 1540 securum
827 1474 898 1539 olus
929 1497 984 1557 ac,
1009 1475 1098 1540 velut
1120 1496 1259 1559 usquam

264 1579 403 1644 Vinctus
427 1601 500 1661 eas,
524 1580 572 1644 ita
594 1587 627 1644 te
649 1579 778 1644 felicem
801 1578 882 1643 diois
906 1600 1076 1663 amesque,

263 1680 356 1761 Quod
379 1704 540 1767 nusquam
562 1682 622 1748 tibi
647 1682 691 1747 sit
712 1681 902 1766 potandum.
950 1682 1087 1746 Iusserit
1109 1682 1150 1746 ad
1174 1703 1208 1746 se

217 1784 288 1834 tulit:
311 1787 450 1848 Nunquam
471 1788 543 1835 boda
567 1786 681 1848 effuqiss,
698 1786 759 1848 quin
801 1784 889 1832 borum
921 1785 1092 1848 repetitionem
1131 1784 1259 1844 effuderit,
1293 1786 1344 1848 ipae

217 1879 272 1912 mea
289 1879 366 1912 mana
385 1865 499 1914 mamare.
800 1862 974 1911 emendaturus
997 1863 1071 1911 fuisse
1088 1865 1222 1914 censendus
1239 1874 1288 1914 est:
1314 1868 1344 1915 Si

249 1944 351 2006 Siquis
368 1945 402 1992 ad
418 1945 465 1992 illa
476 1945 535 1992 dna
551 1945 634 1992 sabito
654 1947 759 2004 tcaput,
802 1957 852 1990 noa
863 1943 965 2004 essarta
976 1949 1084 1992 amatam
1107 1943 1213 1992 Librarii
1224 1959 1256 1994 ex
1270 1961 1344 2010 appo

217 2036 296 2084 usque
319 2036 423 2071 recuses.
463 2021 614 2071 scholiastae
641 2021 758 2084 interpre-
799 2020 851 2068 sitis
860 2029 998 2083 usquamet
1012 2035 1150 2083 nusquam,
1164 2023 1247 2072 velex
1261 2025 1344 2087 glossa

216 2107 313 2159 tantur,
330 2103 409 2160 valde,
426 2116 523 2162 semper
544 2102 582 2148 ael
598 2101 677 2148 ualde.
711 2100 759 2148 Al·
798 2096 957 2157 interlineari,
973 2099 1013 2148 hic
1028 2091 1152 2162 nusquam
1168 2106 1343 2164 prononscri·

216 2185 270 2226 tera
286 2178 433 2241 significatio
452 2193 484 2226 ex
500 2177 578 2226 altera
594 2176 666 2226 facile
683 2179 758 2227 dedu·
799 2175 855 2223 bere
871 2175 1013 2240 potueruut.
1089 2205 1092 2211 ·

215 2258 288 2316 citur,
304 2265 329 2306 et
345 2261 417 2306 valde
432 2257 504 2320 plane
521 2257 655 2305 sententiae
671 2271 758 2307 eonve—
833 2257 956 2306 Secaram
972 2260 1033 2307 elus.
1051 2258 1249 2309 Commentator:
1272 2277 1342 2322 „eoe-

216 2337 262 2394 uit‚
279 2345 307 2384 ut
325 2336 352 2383 in
368 2335 486 2385 Cicerone
503 2337 533 2383 de
550 2335 645 2384 Senect.
662 2338 703 2385 23.
729 2339 759 2386 Si
797 2338 984 2386 uamrustieam
1000 2345 1025 2385 et
1040 2345 1155 2397 tenuem3
1178 2339 1288 2403 dicisque
1304 2343 1341 2391 ui·

215 2418 274 2478 quis
291 2417 363 2464 Deus
379 2417 441 2464 miti
452 2417 586 2477 larqiatar,
602 2417 675 2464 ualde
690 2431 758 2466 reau-
797 2414 833 2463 hil
851 2431 904 2464 esse
920 2417 1043 2475 securius,
1064 2433 1139 2481 quam
1162 2420 1283 2481 prandere
1299 2423 1341 2470 do-

217 2510 276 2542 sent.
301 2493 346 2542 An
361 2493 425 2541 illud
441 2495 513 2542 auide
529 2494 562 2541 sic
573 2507 616 2556 per
628 2509 705 2558 usqae
715 2511 757 2544 ex·
797 2495 856 2542 mi.“
880 2495 946 2544 Alii:
962 2495 1037 2544 nullis
1054 2495 1133 2544 turbis
1148 2497 1342 2561 interpellatum,

216 2574 350 2637 primatur,
366 2574 458 2622 dubito.
491 2574 666 2636 Expectassem
684 2574 758 2634 aliud,
797 2588 846 2637 quo
862 2575 917 2638 qais
932 2574 1027 2636 placide
1043 2575 1147 2633 fruatur,
1164 2591 1213 2639 quo
1237 2579 1293 2642 quis
1315 2582 1341 2629 iu

216 2671 240 2703 v.
259 2669 278 2703 e.
306 2653 335 2702 st
351 2654 407 2715 quis
427 2655 462 2701 ad
481 2653 528 2701 illa
547 2655 619 2703 Deus
635 2656 718 2703 sabito
735 2659 759 2704 te
797 2667 883 2703 securo
907 2655 956 2703 otio
984 2655 1097 2704 vescitur.
1136 2656 1259 2707 Putabam
1287 2663 1343 2709 otras

217 2739 286 2796 aqut,
302 2734 341 2781 ire
356 2746 459 2781 recuses.
476 2732 594 2782 Horatius
611 2733 674 2782 dixit
691 2734 757 2782 idem
797 2748 912 2784 securam
928 2749 997 2793 esse,
1017 2750 1068 2799 quo
1088 2736 1143 2799 quis
1165 2737 1218 2786 siue
1234 2741 1342 2801 periculo

217 2811 459 2864 insatir.1.1.l7.
486 2815 610 2863 Hinoaos
642 2816 758 2863 Vesbius
797 2826 842 2859 suo
859 2813 970 2871 buntur,
990 2815 1130 2877 oppositum
1155 2816 1297 2878 splendidae
1318 2829 1343 2870 et

216 2893 322 2941 mutatis
333 2891 450 2940 discedite
459 2893 585 2952 partibas.
609 2893 668 2949 Eia,
690 2893 759 2950 Quid
797 2893 885 2942 dubiae
901 2909 1005 2952 coenae,
1021 2896 1087 2944 uude
1108 2895 1246 2958 perieulum
1263 2898 1342 2947 immi-

215 2969 315 3020 statis?
350 2971 448 3016 Nolint.
481 2969 561 3030 Epist.
584 2968 760 3022 11.11.37.1
801 2979 843 3018 net
860 2972 1003 3020 valetudini.

216 3053 289 3108 bone,
306 3049 368 3110 qaid
383 3046 457 3094 stas?
837 3051 1026 3111 Velatasqaam
1053 3052 1157 3099 Vinctus
1173 3067 1222 3100 eas.
1247 3053 1343 3103 Horke-

250 3125 401 3177 Doderlinns
417 3123 493 3186 legit:
512 3130 536 3173 te
547 3129 607 3186 aqut
619 3140 703 3188 usqae,
721 3142 758 3174 re·
798 3126 871 3183 lium,
887 3140 961 3188 quem
977 3126 1112 3176 offenderat
1126 3143 1223 3192 quoque
1237 3138 1275 3179 ter
1290 3133 1343 3182 siue

212 3221 292 3258 cases.
326 3203 410 3266 Usque
427 3203 458 3250 ad
475 3202 558 3254 illata
574 3211 645 3265 agat,
662 3211 691 3251 ut
715 3204 759 3254 Sa·
798 3206 931 3254 intervallo
942 3207 1073 3268 repetitum
1081 3222 1342 3274 nusquam‚asqaam,

214 3288 258 3335 tir.
285 3287 306 3335 Ι.
327 3299 355 3332 11.
380 3283 420 3332 26.
447 3285 537 3346 inquen
562 3285 596 3332 ad
619 3287 760 3334 obscoenam
799 3301 934 3349 nusquam,
951 3285 1052 3334 offendit
1068 3287 1234 3348 muctarem,
1250 3297 1276 3338 et
1292 3291 1341 3339 for·

215 3365 348 3414 subductis
364 3379 447 3427 nsque.
799 3365 848 3414 tius
864 3365 984 3428 postulari
1005 3372 1088 3428 putat,
1106 3368 1218 3427 rapiere,
1236 3372 1343 3420 maimo.

251 3446 348 3493 Romae
372 3459 418 3492 rus
443 3449 524 3504 aptas.
558 3441 681 3505 Compare
708 3444 759 3492 Lu·
802 3443 918 3493 Couiieit:
943 3447 1011 3492 vetut
1027 3459 1107 3492 escam
1130 3446 1179 3492 Via
1189 3448 1288 3509 sapias.
1315 3450 1342 3500 Si

217 3523 283 3572 ciani
300 3522 386 3586 Cynie.
403 3523 440 3575 17.
459 3521 529 3586 ὑμεῖς
546 3521 571 3570 δὲ
588 3522 628 3571 διὰ
651 3525 698 3581 τῆν
720 3523 759 3570 εὐ-
801 3523 863 3570 alius
888 3537 963 3586 quam
984 3538 1031 3587 ego
1047 3524 1200 3573 coniecisset:
1219 3530 1286 3576 velat
1300 3545 1341 3579 as·

218 3601 353 3668 δαιμονίαν
369 3601 451 3650 οὐδενὶ
463 3605 514 3649 τῶν
531 3599 686 3666 γιγνομένων
703 3600 760 3665 ἀρέ-
801 3617 876 3663 qaam
886 3604 1003 3650 in-Vitas
1015 3617 1066 3661 eas,
1079 3601 1167 3650 melius
1183 3604 1342 3666 appellarem.

219 3682 319 3741 σκεσᾶε,
342 3681 384 3728 aui
404 3678 491 3731 adura
508 3678 643 3744 μέμφεσθε,
665 3680 708 3727 καὶ
728 3682 761 3728 τὰ
802 3680 850 3730 Sed
868 3682 920 3729 vidi
936 3682 986 3729 iam
1001 3683 1036 3730 ita
1055 3680 1196 3731 Marcilium
1213 3684 1326 3735 voluisse.

219 3763 267 3825 μὲν
285 3760 404 3824 παρόντα
422 3758 503 3824 φέρειν
520 3759 565 3807 οὐκ
581 3757 692 3819 ἐθέλετε,
711 3763 764 3808 τῶν
834 3765 873 3810 Aa
890 3763 956 3810 uelut
972 3775 1078 3824 usquam
1114 3763 1222 3812 Vinctus
1238 3780 1288 3825 sas,
1304 3769 1343 3815 ita

220 3840 245 3889 δὲ
262 3840 385 3894 ἀπόντων,
401 3841 504 3904 ἐφίεσθε.
523 3843 646 3902 χειμῶνος
662 3840 709 3901 μὲν
725 3840 761 3887 εὐ·
802 3839 941 3901 resultem
962 3841 1028 3890 aaa
1044 3857 1159 3906 anumque
1195 3846 1269 3902 Quod
1284 3861 1342 3896 nus·

219 3920 321 3984 χόμενοι
336 3918 422 3982 θέρος,
437 3917 526 3982 θέρους
543 3915 567 3965 tt
584 3921 702 3980 χειμῶνα.
781 3906 876 3995 lquam
893 3920 940 3967 titi
955 3921 991 3968 st't
1006 3924 1151 3982 potandam.
1185 3922 1220 3971 Hi
1236 3922 1343 3986 iungunt

255 4000 285 4047 Si
300 4014 424 4060 nusquam
440 4013 465 4046 ss
475 3998 548 4059 sorte
566 4002 674 4046 vocatus.
707 3995 761 4046 Sta·
800 4005 825 4045 te
841 3996 936 4046 felicem
953 3997 1013 4046 dicis
1030 4006 1055 4048 st
1071 4015 1155 4058 amas,
1179 4000 1221 4048 alii
1246 4009 1271 4048 te
1292 4000 1342 4049 feli·

219 4078 265 4126 tim
282 4078 392 4140 sequitur
409 4093 527 4140 usquam,
544 4083 597 4122 tum
609 4089 694 4124 rursus
704 4091 760 4123 nus-
800 4089 853 4124 eem
875 4076 948 4132 dicis,
969 4083 995 4124 et
1019 4093 1090 4126 amas
1113 4081 1186 4140 qaod.
1220 4079 1252 4126 Iu
1273 4095 1343 4128 arnas

219 4173 303 4218 quam.
334 4155 421 4213 Talia,
445 4155 530 4213 credo,
555 4169 604 4202 nou
629 4160 686 4201 sunt
713 4155 761 4203 nisi
801 4153 961 4215 cogitandum
981 4160 1006 4203 et
1023 4171 1105 4212 anias,
1121 4162 1151 4204 ut
1167 4159 1211 4204 aia
1246 4158 1342 4219 Legen-

220 4235 345 4297 scriptoris
365 4235 501 4284 orationem
522 4232 667 4295 castigatam
687 4233 760 4294 plane
801 4235 860 4281 dam
877 4233 973 4294 potius:
992 4248 1022 4282 aa
1038 4235 1106 4282 aetat
1118 4249 1223 4296 asqrmm
1236 4239 1342 4285 Vinctus

220 4330 271 4363 non
295 4316 408 4364 curantis.
441 4312 561 4363 Horatius
583 4319 668 4360 contra
688 4312 761 4362 valde
800 4326 855 4369 sus,
881 4312 921 4358 ita
946 4317 971 4359 te
992 4311 1095 4374 salicem
1126 4315 1198 4371 dieis,
1228 4330 1343 4378 arrrcsqaa

219 4394 327 4443 curabat.
362 4396 430 4444 Haec
450 4399 533 4442 autem
555 4392 577 4440 ei
600 4390 718 4452 relegenti
735 4392 760 4440 in
805 4391 879 4449 Quod
910 4404 1033 4452 nusquam
1059 4393 1107 4440 tibi
1132 4394 1169 4440 sit
1194 4396 1341 4454 potandam.

220 4471 302 4521 oculos
326 4476 456 4524 iucurrisse
480 4471 592 4522 credibile
617 4477 666 4529 est;
693 4477 717 4518 et
739 4473 760 4519 si
801 4469 898 4516 Pendet
914 4483 981 4517 ames
996 4484 1012 4516 a
1028 4471 1101 4523 vetat.
1135 4470 1243 4520 Felicem
1267 4481 1291 4522 te
1307 4475 1341 4522 di-

221 4551 316 4603 incuria
332 4555 542 4605 tamfaatidiosam
559 4551 693 4602 eorundem
705 4566 758 4600 ver·
801 4549 848 4608 cis,
866 4548 935 4598 velut
950 4549 1040 4600 invitus
1062 4565 1166 4614 mquam
1182 4565 1231 4609 eas,
1248 4559 1273 4602 et
1290 4553 1341 4603 vel·
