3542 5634
696 509 877 574 LIBER
921 509 963 572 ll

306 700 495 783 „Defioicnt
517 700 647 787 inopem
670 720 771 764 venae
793 703 843 782 te,
868 699 904 763 ni
927 699 1019 764 cibus
1042 704 1139 785 atque

308 807 455 892 „Ingens
479 804 602 870 accedit
625 803 790 869 stomacho
813 803 937 868 fultura
958 803 1075 869 ruenti.

307 911 379 994 „Tu
402 910 529 974 cessas?
573 907 741 992 Agedum,
767 928 859 971 sume
882 907 943 971 hoc
965 907 1181 992 ptisanarium
1205 929 1319 991 oryzae
1329 909 1360 971 !“

305 1012 454 1096 „Quanti
471 1012 618 1076 emtae?“
642 1011 806 1093 ‚,Parvo.“
833 1010 980 1093 „Quanti
997 1013 1115 1095 ergo?“
1137 1010 1389 1094 „Oatussibus‘6

1155 1115 1264 1197 „Heu‚
1287 1115 1367 1196 heu,

302 1218 416 1303 „Quid
438 1218 551 1300 refert,
575 1217 688 1282 morbo
712 1238 754 1280 an
775 1216 871 1282 furtis
896 1238 1065 1302 pereamve
1087 1216 1211 1302 rapinis
1219 1219 1256 1281 ?“

302 1322 489 1406 „Quisnam
501 1320 752 1406 igitursanus?“
770 1318 1097 1401 ,‚Quinonstultus.“
1113 1320 1387 1403 „Quidavarus?“

301 1426 458 1508 „Stultus
482 1429 515 1489 ct
537 1424 709 1488 insanus.“
757 1420 884 1506 „Quid
910 1421 1034 1509 siquis
1058 1444 1124 1488 non
1147 1423 1192 1488 sit
1214 1445 1348 1505 avarus,

301 1529 468 1596 Continuo
493 1529 637 1593 sanus?“
672 1526 867 1610 „Minirnc.“
916 1526 1023 1609 „Our,
1049 1525 1200 1592 Stoice?“
1236 1526 1385 1608 „Dicam

298 1633 377 1699 Non
400 1638 451 1699 est
473 1631 656 1713 cardiacus,
680 1629 849 1696 Craterum
872 1629 995 1695 dixisse
1017 1634 1151 1715 putato,

299 1739 367 1804 Hic
390 1758 492 1822 aeger.
540 1736 641 1801 Reate
663 1739 714 1799 est
735 1734 837 1819 igitur
860 1736 1056 1820 surgatque?
1101 1732 1259 1818 Negabit,

298 1841 396 1920 Quod
419 1840 506 1905 latus
530 1844 588 1904 aut
609 1859 701 1903 renes
724 1837 836 1901 morbo
859 1843 1028 1902 tentantur
1050 1842 1154 1901 acuto.

296 1946 375 2011 Non
399 1950 450 2010 est
471 1943 619 2031 periurus
644 1963 747 2028 neque
769 1941 937 2019 sordidus;
960 1940 1110 2006 immolet
1132 1939 1243 2025 aequis

297 2049 366 2114 Hic
390 2070 525 2134 porcum
548 2047 694 2111 Laribus.
743 2045 864 2110 Verum
887 2045 1132 2132 ambitiosuset
1155 2044 1279 2119 audax3

295 2152 441 2237 Naviget
463 2151 664 2234 Anticyram.
712 2149 799 2228 Quid
824 2149 911 2213 enim
932 2148 1057 2230 differt,
1080 2147 1273 2212 barathrone

295 2255 408 2322 Dones
433 2253 591 2341 quidquid
613 2253 731 2336 habes,
756 2274 798 2316 an
821 2274 990 2337 nunquam
1011 2257 1103 2316 utare
1124 2248 1271 2336 paratis?

296 2360 428 2426 Servius
453 2359 614 2445 Oppidius
639 2357 761 2423 Canusi
785 2357 848 2421 duo
871 2356 1026 2442 praedia,
1050 2355 1140 2420 dives

293 2464 444 2550 Antiqua
467 2485 584 2545 censu,
609 2462 695 2527 natis
720 2460 839 2526 divisse
863 2461 988 2525 duobus

244 2617 367 2680 Opimius
392 2617 537 2679 ambiguum
561 2617 638 2679 vigila
659 2622 689 2664 ut
710 2619 796 2679 uigiles
837 2618 921 2666 variae
937 2617 1091 2667 coniecturae
1106 2622 1218 2680 instans,
1235 2625 1339 2683 ingesta,
1355 2623 1384 2670 td

243 2711 301 2744 non
330 2695 490 2759 intelligebat.
531 2697 600 2759 Ergo
625 2703 696 2759 rogat
727 2696 797 2754 Quia
836 2713 924 2759 uenas,
941 2705 966 2746 et
983 2697 1089 2749 Bentleii
1104 2715 1230 2762 praesare
1255 2699 1326 2749 Nihil
1337 2701 1380 2747 ad·

242 2777 304 2824 υἱεῖ)
338 2774 403 2836 Quid
420 2769 463 2824 tna
479 2775 555 2824 verba
570 2775 617 2824 sibi
630 2774 796 2838 valeatquid
836 2777 885 2825 hnc
907 2778 996 2826 melius
1017 2778 1069 2826 vidi
1089 2793 1165 2840 quam
1183 2794 1316 2842 promen,
1336 2780 1382 2828 hoc

242 2854 405 2918 significant?
422 2856 447 2905 τί
458 2855 580 2917 βούλεται
592 2856 680 2913 τοῦτο;
697 2853 721 2903 τί
732 2851 795 2917 φῇςς
836 2863 874 2904 est
890 2862 998 2914 amum,
1015 2873 1140 2918 arcanum,
1155 2865 1285 2921 paratam,
1301 2865 1329 2907 ut
1344 2860 1380 2907 in-

244 2934 388 2998 αἰνίγματα
405 2933 493 2997 λέγεις.
527 2934 644 2990 Veteres,
661 2931 794 2990 ntCicaro,
836 2939 987 2996 terpretatur
1011 2935 1113 2984 Ruhnk.
1141 2937 1173 2984 ad
1194 2936 1261 2985 Vell.
1277 2936 1380 2998 ,Patere

242 3027 323 3076 saepe
339 3013 365 3059 in
376 3011 458 3060 verbis
469 3012 574 3072 vigilare
585 3017 610 3058 et
621 3011 730 3058 duracina
739 3010 794 3058 sim.
835 3012 929 3062 1192.
968 3013 1064 3062 Aberat
1086 3017 1113 3062 in
1134 3017 1281 3065 ordinandis
1304 3019 1381 3066 Asiae

240 3092 369 3138 luserunt.
395 3089 481 3139 Cicero
498 3087 631 3137 Caninium
647 3087 722 3134 firisse
749 3089 794 3134 mi·
838 3092 999 3153 Orientisque
1019 3094 1093 3141 rabies
1116 3092 1225 3152 Caesar,
1247 3096 1379 3159 circumse-

240 3170 323 3234 raflca
339 3169 472 3230 aimlantia
491 3167 597 3224 iocatur,
619 3167 663 3228 qui
682 3181 727 3215 stro
744 3171 795 3215 toto
835 3185 894 3218 rens
911 3176 1039 3218 terrama
1055 3173 1109 3219 orti
1119 3175 1265 3234 praesentia
1275 3189 1324 3222 aaa
1333 3192 1378 3238 pa·

243 3251 381 3300 consulatu
398 3262 511 3296 somnam
527 3263 577 3296 non
588 3246 688 3294 vidend.
712 3247 794 3295 Hora·
835 3251 871 3298 ais
891 3265 950 3298 snas
970 3253 1040 3298 barm.
1073 3249 1123 3299 Ubi
1143 3267 1192 3300 aaa
1211 3267 1272 3302 snae
1291 3254 1380 3304 merito

242 3330 298 3378 tius
320 3342 418 3376 omnem
440 3327 574 3376 orationem
590 3326 685 3374 medico
701 3325 736 3373 sic
751 3325 794 3373 tri·
834 3343 891 3377 eum
908 3328 1053 3378 offendebat.
1076 3330 1161 3393 Legit:
1179 3335 1324 3393 praesentia
1332 3350 1378 3396 pa·

242 3409 323 3458 buere
339 3409 465 3472 potuisset.
499 3411 537 3456 Ni
552 3414 598 3457 tan
614 3407 793 3463 custodituri-
833 3410 870 3456 eis
885 3423 948 3458 suae
962 3413 1034 3458 bona.
1066 3409 1196 3470 Velleius,
1212 3418 1284 3474 puto,
1300 3418 1325 3460 et
1338 3413 1378 3461 hie

243 3489 365 3538 dasium
381 3491 440 3537 baar
457 3487 556 3552 auferet
572 3489 657 3534 baem
686 3486 721 3533 Ta
730 3487 792 3533 mco.
834 3487 982 3550 elegantiam
993 3490 1117 3552 quandam
1127 3489 1257 3550 affectavit,
1272 3491 1378 3554 scripsit-

249 3571 290 3616 Ut
306 3570 393 3630 vigiles
409 3567 584 3629 maturatam.
604 3565 661 3614 Tua
671 3563 792 3612 tibiaufe-
834 3581 893 3631 que:
919 3584 1036 3629 praesens
1058 3571 1204 3630 maerentia
1228 3574 1298 3633 pacis
1319 3586 1380 3619 sarae

243 3655 334 3697 rentur
359 3654 383 3696 te
408 3647 472 3696 viro.
506 3645 575 3696 Cave
595 3660 628 3694 ne
647 3645 704 3704 fiat,
725 3647 792 3708 qnod
834 3649 906 3696 bona.
934 3647 1008 3697 Utin
1018 3647 1143 3698 Ciceronis
1154 3649 1377 3713 EpistadFamil.

244 3726 608 3789 fiet,nitesanaripatia1is.
643 3725 731 3776 Oratio
747 3740 793 3788 per
833 3725 855 3776 1.
872 3727 896 3775 9.
934 3728 986 3786 Qui
1007 3731 1055 3776 troi
1071 3744 1102 3776 ea·
1117 3745 1156 3777 aas
1165 3730 1274 3792 fructas
1291 3732 1377 3779 actea

244 3807 461 3870 interrogationem
485 3807 580 3869 aegroti
600 3808 740 3870 interrupta
755 3814 792 3855 est
833 3811 891 3865 tar,
917 3821 957 3856 sos
986 3809 1112 3856 uberiores
1140 3813 1165 3857 et
1195 3811 1378 3869 praesentiores

245 3886 361 3936 vividior.
830 3901 951 3948 praescias
966 3901 1056 3949 capere
1069 3889 1201 3949 potuisses.

278 3963 554 4028 Doderlinuseorrigit:
577 3966 613 4014 Ut
622 3967 691 4014 vinus
702 3966 790 4028 igitar,
866 3967 947 4013 Dives
976 3964 1090 4027 Antr'qao
1110 3980 1193 4014 censa
1225 3965 1377 4028 Porphyrio:

244 4048 307 4110 cipit
328 4048 372 4095 hoc
394 4063 444 4108 nge.
479 4045 533 4094 Hoc
554 4051 603 4093 est:
628 4045 684 4094 Iam
705 4059 737 4094 ex
758 4046 791 4095 le·
833 4043 898 4101 „Hic
923 4042 989 4104 (hoc)
1014 4049 1066 4099 est,
1089 4057 1167 4104 parvo
1189 4056 1264 4091 censu
1284 4042 1377 4090 dives.“

244 4124 336 4188 thergo
357 4132 464 4184 erectus,
489 4123 569 4173 facere
590 4123 683 4187 aliquid
705 4125 790 4184 debes,
833 4121 935 4171 Servius
951 4121 983 4168 ad
999 4121 1065 4169 Aen.
1081 4121 1146 4170 VII.
1157 4121 1213 4172 537.
1248 4122 1377 4169 Amantis-

245 4211 274 4252 ut
299 4205 376 4254 vitam
400 4204 540 4266 continues,
565 4210 593 4251 nt
614 4218 688 4266 porro
708 4202 791 4252 vivere
831 4215 879 4262 qne
895 4201 954 4248 olim
970 4200 1197 4248 anaamusnreis.
1219 4199 1378 4258 „Secundum

245 4285 331 4347 possis.
350 4313 379 4322 -
401 4285 468 4347 Quid
485 4283 588 4332 faciam?
605 4309 636 4318 —
658 4283 790 4332 Fnlturam
832 4278 960 4341 antiquum
984 4291 1086 4326 morem.
1127 4278 1216 4326 Horat
1235 4279 1273 4327 II.
1298 4279 1376 4342 Epist.

245 4366 373 4413 stomacho
390 4379 479 4413 sumes.
832 4359 883 4409 ΠΙ.
902 4357 957 4407 168.
981 4359 1063 4406 Diues
1079 4359 1182 4420 annana
1198 4364 1299 4407 cansa.“
1325 4360 1377 4409 Ubi

289 4446 421 4494 Stomacho
439 4445 546 4506 fultura
571 4443 657 4490 rasati
688 4443 789 4505 Ingens.
832 4454 876 4502 pro
912 4438 998 4499 Epist.
1025 4435 1181 4484 scribendum
1206 4443 1259 4484 erat
1296 4439 1376 4487 Scrm.

247 4523 314 4572 Illud
331 4527 416 4587 inseras
432 4522 555 4587 plerisque
569 4519 698 4584 displicuit.
724 4520 790 4569 Hinc
832 4527 856 4569 et
878 4519 1012 4567 notandum
1034 4517 1100 4579 qnod
1120 4517 1146 4564 in
1168 4517 1216 4565 alio
1232 4518 1290 4568 MS.
1307 4517 1376 4581 lege-
