3542 5634
437 497 455 556 ‘2
836 479 1181 546 SATIRARUM

486 676 538 759 „0
562 671 721 739 fortunati
745 667 978 734 mercatoresl“
1003 665 1113 751 gravis
1137 665 1233 730 annis

485 778 582 842 Miles
607 776 669 858 ait,
694 771 890 842 multotum
913 769 1035 836 fractus
1059 767 1207 834 membra
1229 768 1348 834 labore.

439 941 468 981 ut
479 932 521 980 ulii
532 893 658 985 scribunt,l
658 927 734 989 accipi
744 931 840 988 poteret
851 937 912 970 cusu
922 923 989 985 geui-
1023 922 1100 1000 ¹uliud
1117 921 1183 969 vitoe
1200 935 1277 984 genus
1294 920 1388 970 bestius
1405 929 1486 983 putet,
1501 935 1578 984 quum

440 1012 505 1060 tivo:
524 1011 606 1059 Neruo
622 1007 686 1054 vivit
702 1010 830 1053 contentus
846 1016 893 1050 sua
912 1007 989 1049 sorte:

440 1091 521 1155 quivis
538 1089 625 1137 laudet
641 1092 731 1135 sortem
743 1082 825 1141 illius,
837 1081 881 1145 qui
892 1081 991 1128 diverse

438 1169 528 1227 studia,
537 1167 606 1215 eliud
617 1165 683 1213 vitae
692 1176 770 1226 genus
779 1160 897 1224 sequitur.
914 1159 990 1208 Recte

440 1262 477 1296 vs.
493 1247 548 1295 109.
575 1248 687 1295 Nemone
702 1249 732 1291 ut
748 1254 842 1290 merres
853 1239 989 1300 reprobet,

439 1345 469 1377 uc
478 1330 566 1390 potius
577 1328 662 1374 laudet
671 1323 920 1381 dimsesequeuter:
933 1330 989 1365 eon-

441 1407 544 1455 veniunt
558 1407 646 1470 probet
661 1418 701 1460 se,
718 1401 805 1449 leuem
819 1401 955 1459 sequentes.

474 1486 570 1534 Gravis
587 1485 669 1532 anuis.
710 1477 820 1535 Milites,
836 1489 925 1539 eruces
944 1491 988 1523 ou-

440 1568 496 1622 uis,
513 1563 592 1626 vulgo
610 1575 661 1609 non
673 1558 781 1621 amplius
794 1555 840 1604 sub
854 1555 932 1617 siguis
947 1553 989 1601 he-

441 1645 538 1702 bcntur,
554 1642 637 1690 minus
651 1639 734 1696 etium,
751 1637 772 1684 si
785 1634 897 1683 membre
910 1632 990 1680 multo

441 1722 525 1771 labore
550 1722 628 1769 fructa
651 1718 750 1766 hebent.
783 1715 878 1776 Optaut
894 1712 989 1760 missio·

442 1814 513 1858 nem,
532 1806 557 1847 et
573 1798 718 1861 plerumque
735 1792 864 1856 occipiunt.
891 1790 923 1838 In
940 1789 989 1837 Tu-

441 1879 482 1926 oit.
501 1876 598 1926 Annal.
625 1876 646 1924 I.
672 1874 703 1924 17
720 1872 894 1933 indignentur,
925 1870 990 1930 quod

441 1958 540 2005 triceuu
562 1960 610 2002 aut
629 1954 792 2016 quaererem
807 1949 937 2010 stipendia
953 1962 989 2004 se-

441 2049 484 2082 ues
500 2040 525 2083 et
536 2033 655 2096 plerique
670 2035 790 2079 trunceto
803 2045 834 2078 er
846 2027 990 2076 uulneribus

441 2128 542 2176 corpere
560 2111 674 2160 tolerent.
700 2107 828 2157 Plutarch.
839 2104 939 2154 Caesar.
948 2104 989 2152 40.

441 2190 578 2255 ἐξέκαμνον
595 2187 647 2237 ὑπὸ
665 2186 749 2251 γήρως
766 2186 808 2234 καὶ
818 2184 910 2248 βαρεῖς
923 2184 990 2242 ἦσαν

441 2274 494 2326 τοῖς
511 2268 609 2330 σώμασι
627 2267 693 2329 πρὸς
711 2265 770 2320 τοὺς
779 2263 886 2319 πόνους.
914 2259 989 2308 Tales

441 2363 500 2396 seue
520 2361 572 2396 nou
592 2345 644 2406 epti
665 2350 725 2390 suut
741 2341 842 2390 ferendo
858 2338 942 2402 operi,
960 2352 990 2388 ne

441 2426 531 2474 leviori
547 2423 659 2487 quidem,
676 2435 751 2484 quam
767 2419 885 2475 militiae,
903 2425 931 2466 ut
947 2417 991 2466 ille

441 2505 508 2568 apud
525 2502 594 2552 Vell.
612 2502 708 2550 Petere.
727 2500 762 2548 11.
780 2500 821 2550 76.
838 2500 922 2561 pruris
938 2499 990 2546 tom

441 2590 526 2634 aetate
540 2589 566 2632 et
582 2595 695 2644 corpore,
709 2596 766 2629 cum
782 2593 859 2629 eorus
875 2593 928 2628 esse
941 2593 990 2626 nou

439 2669 528 2726 percu.
550 2660 618 2722 Quid
633 2666 716 2708 autem
732 2660 785 2707 ium
796 2658 904 2721 fractus
917 2672 989 2704 mem-

442 2744 505 2791 bre?
538 2742 715 2802 Exspectasses
732 2740 785 2786 ium
800 2737 881 2799 potius
895 2737 922 2784 iu
935 2737 990 2784 edo-

443 2823 550 2870 lesoeute
566 2827 591 2868 et
607 2819 674 2875 viro,
699 2820 743 2882 qui
764 2825 822 2866 ente
839 2825 938 2880 tempus
955 2822 992 2864 est

444 2899 548 2957 fractus,
573 2911 623 2946 nou
649 2897 675 2945 in
700 2896 801 2944 homine
821 2897 894 2956 praei
910 2897 991 2942 anuis.

443 2979 577 3027 Praeterea
585 2977 705 3026 Horatius
721 2975 837 3039 exemplu
848 2975 917 3038 ponit
928 2979 992 3022 seta·

443 3058 489 3114 tis,
507 3071 570 3121 ques
581 3071 632 3106 nou
642 3056 753 3119 impedit,
763 3055 904 3118 quominus,
912 3052 993 3115 priore

444 3136 510 3184 vitae
535 3149 625 3198 genere
650 3135 747 3191 relicto',
773 3133 843 3182 eliud
867 3132 992 3194 incipiant.

445 3215 537 3265 Gravis
549 3216 629 3272 annis,
647 3228 731 3271 senen,
748 3227 799 3261 non
811 3219 899 3275 potest.
917 3212 994 3274 Optat

445 3295 568 3357 quietem,
597 3308 647 3341 uon
671 3299 848 3348 mercaturam,
876 3304 933 3338 cum
958 3298 993 3338 tot

444 3371 560 3437 periculis
576 3372 738 3420 coniunctum⁴
773 3370 889 3432 Denique
906 3370 992 3426 miles,

445 3447 991 3510 rusticus,nautalaboremferuuthecmente,

446 3539 475 3580 ut
492 3547 561 3580 senes
576 3533 604 3579 iu
621 3531 674 3579 otio
692 3534 751 3578 tute
768 3529 895 3576 recedunt.
912 3528 992 3590 Atqui

445 3619 540 3667 noster,
565 3611 650 3671 qraois
674 3609 749 3656 annis
774 3607 824 3654 iam
849 3614 886 3654 est
910 3622 990 3657 semer.

445 3691 561 3739 Fortasse
577 3688 637 3745 hee,
653 3686 755 3734 fortasse
772 3692 796 3732 et
812 3683 876 3732 aliae
892 3699 992 3735 caussae

445 3780 545 3814 movere
572 3763 746 3820 Bouhierimu,
776 3769 804 3810 ut
838 3764 991 3824 emendaret,

445 3846 531 3908 erevit
546 3844 640 3897 ureris,
666 3843 732 3904 quod
758 3841 789 3887 ab
813 3841 918 3889 Horatio
934 3843 991 3891 sori-

445 3928 516 3984 ptum
533 3935 585 3970 esse
601 3920 713 3969 arbitror.
746 3919 835 3976 Miles,
852 3921 936 3981 gravis
954 3935 991 3968 er-

445 4000 506 4060 mis,
531 4015 609 4063 quum
634 4000 660 4048 in
685 3999 786 4055 itinere,
812 3998 875 4056 scie,
898 4000 992 4060 proelio

445 4088 566 4130 versetur.
598 4079 689 4130 Livius
714 4077 763 4128 IX.
789 4077 826 4127 19.
857 4079 991 4140 Equitem,

407 4163 429 4192 ⁸
444 4160 563 4221 sumeres,
584 4161 668 4208 soltus
685 4158 833 4221 impeditos,
849 4158 909 4204 urie
924 4173 987 4206 cout-

445 4240 567 4288 meatibus
583 4241 649 4297 loca,
670 4238 757 4300 meets
775 4235 855 4284 armis
871 4237 943 4284 miles
960 4237 990 4284 u·-

444 4329 511 4362 mere
524 4321 614 4377 petest.
648 4315 698 4365 Sed
718 4314 790 4364 miles
812 4314 923 4362 laborem
940 4329 990 4364 non

444 4392 529 4450 sentit,
550 4395 681 4455 quamdiu,
704 4410 750 4443 sue
766 4402 832 4443 sorte
848 4401 989 4453 contentus,

1032 1015 1104 1048 suum
1122 1008 1217 1048 mutere
1233 1000 1312 1062 cupit,
1337 1001 1407 1048 cuius
1424 1001 1578 1049 incommoda

1032 1079 1058 1128 in
1078 1079 1132 1142 ipsa
1148 1079 1243 1126 senone
1259 1079 1394 1142 experitur.
1429 1079 1471 1128 Sic
1486 1092 1577 1128 merou-

1032 1165 1070 1207 tor
1087 1158 1141 1206 fieri
1158 1165 1226 1220 optet
1241 1158 1326 1214 miles,
1339 1173 1417 1221 quum
1434 1173 1536 1220 prensus
1551 1158 1576 1205 iu

1032 1239 1120 1301 Aegeo
1135 1246 1278 1301 tempestate
1295 1239 1410 1295 iactatur,
1431 1237 1503 1286 miles
1523 1238 1577 1285 fieri
1630 1265 1634 1270 -

1031 1323 1100 1382 optet
1116 1323 1249 1374 mercator,
1265 1332 1342 1379 quum
1359 1332 1429 1364 erma
1445 1317 1504 1372 fort,
1520 1331 1576 1364 oum
1652 1313 1653 1372 ζ

1031 1394 1194 1458 pugnandum
1208 1403 1253 1452 est,
1266 1403 1297 1455 et,
1311 1395 1361 1442 ism
1379 1395 1469 1442 fractus
1486 1394 1576 1454 labore,

1031 1475 1095 1522 durs
1111 1458 1171 1521 belli
1188 1488 1237 1521 nou
1254 1473 1382 1522 toleranda
1398 1475 1472 1531 dicit,
1490 1474 1576 1522 vitam·

1030 1568 1078 1617 que
1094 1553 1236 1600 mercatoris
1256 1553 1331 1616 longe
1347 1553 1483 1601 faciliorem
1499 1560 1577 1615 putot.
1652 1541 1653 1582 l

1062 1632 1192 1681 Bentleius
1216 1635 1300 1695 prauis
1321 1636 1397 1680 eureis
1421 1647 1472 1680 nou
1493 1632 1577 1680 hebuit

1030 1718 1186 1773 suspectum,-
1204 1711 1254 1759 imo
1270 1711 1358 1767 utitur,
1380 1711 1411 1758 ad
1432 1710 1576 1760 confirmau-

1030 1791 1088 1838 dem
1105 1790 1270 1838 coniecturam
1283 1791 1576 1840 inToreut.Heeuth.
1652 1819 1653 1860 q

1030 1883 1048 1917 1.
1065 1871 1105 1918 32
1143 1870 1245 1928 Quanto
1268 1875 1297 1918 tu
1320 1885 1357 1918 ute
1378 1884 1404 1918 es
1424 1872 1498 1918 rums
1520 1887 1576 1932 pre-
1652 1915 1653 1938 ,

1030 1950 1098 2009 sior,
1116 1954 1188 1998 tanto
1204 1962 1230 1996 es
1240 1949 1410 2010 ipuoseentior.
1427 1947 1479 1998 Ubi
1487 1948 1577 2012 legitur

1031 2027 1120 2090 vulgo:
1148 2029 1251 2087 Quanto
1270 2033 1329 2076 tuus
1347 2033 1385 2075 est
1401 2030 1502 2078 arturus
1513 2035 1576 2078 reatu

1028 2109 1320 2171 previormqnosemtior.
1340 2107 1397 2168 Ego
1413 2107 1440 2154 iu
1454 2108 1575 2158 Mnemos.

1030 2187 1103 2235 Leid.
1121 2201 1200 2250 nuper
1216 2186 1320 2234 conieci:
1344 2187 1447 2245 Quanto
1464 2193 1522 2236 tuus
1539 2195 1577 2238 est

1030 2267 1132 2315 artimus
1152 2267 1267 2328 pravior,
1290 2271 1344 2314 tom
1367 2271 1396 2313 tu
1417 2279 1442 2314 es
1457 2269 1577 2328 iquosceu-

1031 2346 1088 2393 tior.
1121 2346 1238 2394 Fortasse
1248 2343 1488 2404 tameueliudletet3
1505 2361 1577 2405 uum,

1031 2425 1096 2486 quod
1121 2431 1194 2486 roget
1219 2421 1347 2472 Bentleius
1375 2425 1490 2480 „enimus
1513 2432 1579 2472 netu

1030 2503 1143 2565 pravior,
1170 2502 1225 2564 quis
1248 2516 1358 2565 unquam
1380 2502 1522 2552 mortalium
1543 2506 1579 2554 sic

1031 2581 1100 2644 loqui
1125 2581 1235 2629 vellet?“
1263 2582 1405 2644 responderi
1429 2589 1522 2645 poterat
1547 2599 1580 2633 ex

1033 2660 1118 2710 Plauti
1134 2661 1224 2710 Beoch.
1242 2662 1293 2710 ΙΙΙ.
1310 2676 1348 2710 111.
1366 2662 1406 2710 55.
1441 2664 1582 2726 obsequens

1032 2741 1193 2802 obediensque
1218 2745 1255 2788 est
1282 2742 1348 2790 mori
1370 2747 1446 2803 utque
1467 2744 1582 2804 imperiis

1032 2819 1125 2881 patris.
1160 2819 1214 2868 Hie
1242 2820 1337 2867 sedulis
1363 2821 1504 2870 Pistoclero
1528 2823 1582 2871 iem

1032 2913 1097 2960 puer
1104 2912 1181 2958 puero
1184 2895 1251 2958 fuit.
1274 2899 1401 2947 Triduum
1413 2915 1462 2948 uon
1475 2901 1583 2950 interest

1033 2977 1127 3025 aetatis
1144 2980 1201 3025 uter
1217 2977 1298 3026 maior
1314 2979 1374 3025 siet:
1408 2979 1499 3026 Verum
1515 2982 1583 3042 inqe-

1033 3056 1104 3102 uium
1127 3055 1187 3116 plus
1213 3056 1322 3116 triptota
1346 3056 1420 3104 auru
1442 3057 1523 3104 maius
1544 3066 1583 3107 est

1033 3147 1108 3193 quom
1125 3133 1209 3182 elteri.
1237 3133 1488 3197 Mugisusitetasunt
1499 3145 1582 3187 rneute

1033 3225 1119 3267 senec,
1147 3213 1254 3271 iuuenis,
1294 3212 1387 3277 φρένας
1423 3213 1520 3274 νεάζει,
1558 3229 1582 3266 et

1034 3289 1087 3338 alis·
1093 3291 1247 3342 huiusmodi:
1265 3294 1424 3356 antiquiores,
1436 3298 1582 3357 praesertim

1034 3367 1141 3429 Comici,
1159 3385 1230 3434 saepe
1247 3387 1298 3420 nou
1319 3373 1392 3421 aliter
1409 3374 1582 3436 loquebantur.

1034 3448 1075 3498 Sic
1097 3450 1203 3498 Plautus
1225 3451 1326 3509 iterum,
1349 3453 1375 3499 in
1392 3453 1494 3502 Merost.
1518 3455 1539 3504 Ι.
1564 3472 1580 3504 1.

1033 3527 1073 3576 40.
1112 3531 1246 3592 Principio
1275 3536 1351 3593 utque
1379 3533 1479 3582 unietur
1510 3537 1582 3597 ephe-

1033 3608 1068 3656 bis
1085 3613 1168 3657 eetute
1185 3610 1262 3667 exiit,
1277 3613 1360 3672 Atque
1378 3613 1480 3660 animus
1497 3617 1582 3663 studio

1033 3693 1131 3736 euzotus
1145 3690 1242 3750 puerili
1259 3694 1297 3736 est
1314 3704 1389 3738 rueus.
1428 3689 1481 3740 Ubi
1495 3693 1581 3756 legen,

1033 3767 1105 3818 dum:
1130 3767 1265 3828 Principio
1288 3771 1318 3814 ut
1339 3783 1370 3816 eu
1390 3771 1489 3830 ephebis
1509 3779 1582 3821 uetes

1033 3845 1112 3906 exiit,
1139 3849 1223 3907 Atque
1249 3848 1350 3895 antrum
1373 3850 1459 3898 studio
1480 3858 1582 3900 unietur

1031 3927 1126 3986 puerili
1142 3931 1166 3973 et
1176 3931 1250 3973 metu.
1269 3925 1348 3974 Actus
1358 3941 1389 3975 ex
1398 3929 1499 3990 ephebis
1509 3931 1579 3987 exiit,

1032 4017 1084 4064 pro,
1106 4018 1154 4066 ego
1171 4003 1233 4052 exii:
1255 4005 1345 4054 Bacch.
1363 4005 1385 4054 Ι.
1405 4021 1433 4056 11.
1448 4009 1488 4057 40.
1520 4011 1588 4060 Iam

1031 4085 1134 4131 eceessit
1151 4084 1213 4131 uribi
1230 4089 1301 4130 uetus
1316 4099 1347 4131 ec
1365 4087 1508 4148 mopisterio
1529 4093 1589 4139 tue.
1607 4078 1616 4082 x

1032 4159 1104 4220 Quod
1126 4162 1259 4223 legendnm
1281 4164 1367 4224 putsvi
1386 4171 1467 4223 utetu,
1491 4167 1591 4217 confir-

1030 4239 1093 4286 mari
1102 4246 1180 4301 potest
1189 4240 1288 4288 Terent.
1298 4241 1379 4290 Andr.
1389 4243 1410 4290 Ι.
1420 4257 1437 4293 1.
1446 4245 1487 4293 24.
1512 4246 1544 4291 N
1542 4263 1592 4297 αηι

1030 4320 1052 4364 is
1067 4323 1201 4380 postquem
1218 4320 1319 4368 excessit
1331 4334 1364 4368 ee
1379 4323 1486 4384 eqtbebis,
1500 4325 1592 4389 Sosia,

1031 4397 1145 4446 Liberius
1159 4397 1269 4462 yioeude'
1286 4396 1345 4459 fuit
1368 4403 1495 4461 potestus:
1523 4419 1591 4456 narn

444 4471 520 4518 otium
543 4485 655 4542 securum
677 4474 802 4536 prospicit.
835 4474 890 4522 Vix
907 4481 988 4522 autom
1029 4481 1104 4526 antee
1141 4477 1192 4535 Qui
1208 4478 1372 4539 seireposses,
1387 4484 1434 4527 eut
1455 4482 1591 4544 inperium
