3542 5634
660 534 840 600 LIBER
886 538 929 603 Π.

274 721 445 805 Respicere
467 721 582 805 ignoto
607 721 710 786 discet
733 722 911 807 pendentia
933 730 1033 809 tergo.

271 823 420 907 ‚,Stoice,
443 832 520 909 post
541 825 698 889 domnum
722 825 767 890 sic
791 826 913 891 vendes
936 828 1047 892 omnia
1069 829 1189 913 pluris:

272 928 343 1007 Qus
367 951 418 994 me
444 929 604 1012 stultitia,
629 930 784 1015 quonism
808 952 873 995 non
896 936 947 996 est
969 954 1073 1017 genus
1096 956 1217 1017 unum,

270 1033 417 1098 insanire
439 1036 559 1119 putas?
587 1034 659 1118 Ego
682 1055 759 1097 nem
782 1033 893 1099 videor
914 1036 996 1099 mihi
1020 1041 1154 1103 sanus.“

270 1137 401 1219 „ouidi
424 1144 522 1225 ceput
539 1138 720 1204 abscissum
742 1138 894 1203 manibus
918 1163 1019 1226 quum
1041 1149 1151 1227 portat
1173 1143 1287 1227 Agave

271 1242 373 1308 Gneti
395 1243 555 1326 infelicis,
580 1243 644 1308 sibi
667 1248 738 1307 turn
761 1242 884 1308 furiose
906 1245 1079 1311 videtur?“
1278 1225 1281 1236 ⁸

269 1345 442 1427 „Stultum
465 1368 517 1413 me
540 1347 658 1429 fateor,
681 1345 779 1411 liceat
802 1348 1099 1433 concederemus,

267 1449 377 1534 Atque
400 1450 499 1515 etiem
522 1450 691 1528 insenum3
716 1454 847 1515 tantum
870 1451 931 1517 hoc
954 1452 1108 1536 edissere,
1133 1475 1196 1539 quo
1219 1474 1271 1517 ine

223 1603 295 1661 licen,
314 1603 353 1649 Et
370 1604 414 1665 qni
429 1603 479 1664 ipsi
495 1608 536 1651 sat
548 1604 646 1659 habmt,
663 1602 765 1666 qocdin
805 1603 948 1665 nicpturir.
974 1605 1103 1653 Damnum
1122 1619 1154 1653 ex
1165 1604 1233 1653 mele
1242 1604 1348 1653 emtione

223 1681 288 1742 ipsos
305 1695 361 1729 sere
376 1684 456 1743 possit
473 1682 559 1731 dicier.
805 1689 829 1730 et
846 1684 987 1733 venditione
1007 1692 1097 1733 ortum.
1119 1684 1296 1733 Emendendus
1309 1684 1350 1732 hic

253 1760 417 1809 Doderlinus:
444 1760 571 1819 „Silocus
589 1770 692 1810 nonest
713 1775 765 1809 cor·
805 1770 842 1809 est
866 1762 933 1811 locus
960 1763 1067 1813 Senecse
1097 1764 1127 1812 de
1152 1763 1259 1812 Benefic
1285 1763 1349 1811 XII.

222 1847 317 1904 ruptus,
335 1841 362 1888 in
379 1843 481 1890 totidem
497 1842 637 1903 cogitentur
654 1843 765 1891 eoncieic
805 1844 884 1891 Nemo
912 1845 1083 1892 Tusculanum
1111 1848 1158 1890 cut
1185 1844 1350 1891 Tiburtinum

222 1918 261 1967 rel
277 1922 391 1979 nemina,
408 1922 474 1985 quod
491 1921 666 1969 assumendum
679 1934 710 1967 ex
723 1920 762 1966 in·
804 1935 882 1969 emere
904 1927 1014 1983 paratus
1039 1922 1203 1971 salubritatis
1219 1936 1310 1970 caussa
1325 1927 1351 1969 et

220 2013 303 2047 sanus.
338 2000 377 2048 Its
394 1998 511 2049 Orellius.
538 1986 665 2049 Sententia
681 2006 765 2045 tumen
804 2001 893 2048 cestini
907 2014 1030 2057 secessus,
1046 2005 1122 2063 quoto
1139 2015 1204 2049 anno
1216 2005 1350 2062 empturus

221 2088 245 2127 et
265 2080 326 2128 haee
350 2094 403 2128 esse
419 2088 510 2143 potest:
536 2080 578 2143 qui
594 2093 634 2126 me
650 2078 765 2125 insenum
804 2080 839 2127 sit
856 2082 994 2140 disputet:
1020 2095 1076 2128 cum
1104 2080 1205 2136 merit,
1231 2080 1351 2128 tuendum

221 2159 323 2217 dixerit,
339 2160 441 2208 totidem
457 2159 574 2214 insanias,
592 2157 633 2205 rel
655 2156 765 2203 insaniae
804 2163 849 2206 est.
878 2157 981 2220 Lipsius
1003 2158 1074 2205 veris
1088 2163 1183 2206 tentet:
1209 2162 1286 2219 presta
1302 2174 1348 2205 em·

220 2239 378 2297 documenta,
398 2240 504 2303 pendere
527 2245 598 2300 tergo
614 2237 711 2299 ignoto,
729 2244 764 2283 et·
802 2242 910 2297 ptores,
927 2242 1000 2300 quoto
1016 2235 1178 2293 commonet
1194 2242 1268 2298 quoto
1285 2252 1351 2285 anne

220 2332 267 2381 quc
293 2319 425 2381 pendentis
448 2318 568 2381 respicere
592 2315 674 2365 discet.
715 2314 764 2364 Cui
804 2318 934 2379 disputan
951 2324 980 2365 ut
990 2316 1086 2380 relique
1097 2315 1350 2378 sinteglossemctio.

220 2405 336 2446 neutrum
353 2398 459 2461 placeat,
481 2398 501 2445 is
519 2397 622 2445 fortasse
638 2398 762 2445 emendet:
805 2396 870 2445 Mihi
888 2396 982 2446 Seneca
990 2397 1116 2459 scripsisse
1125 2396 1238 2445 videtur:
1255 2402 1350 2459 quanto

220 2477 329 2525 Dixerit
357 2479 473 2526 insanum
497 2478 541 2539 qui
569 2482 671 2534 memet,
698 2479 762 2525 idem
803 2478 894 2525 damno
910 2484 1041 2539 empturus
1056 2478 1097 2525 sit.
1129 2476 1179 2537 Qui
1195 2476 1230 2524 ite
1247 2485 1348 2539 paratus

219 2558 332 2605 audiet.“
802 2561 839 2603 est
855 2569 947 2614 emere,
964 2571 1015 2604 non
1032 2556 1107 2604 anxie
1123 2555 1282 2605 deliberetde
1292 2570 1346 2620 prc-

250 2638 389 2697 Respicere
412 2638 496 2699 ipnoto
527 2636 605 2684 discet
628 2636 763 2697 perdentia
802 2634 845 2694 tio,
862 2635 924 2685 bene
941 2650 973 2683 sn
989 2635 1056 2685 mele
1072 2636 1105 2683 sit
1121 2643 1256 2699 empturus.

219 2722 295 2779 terpo.
314 2713 406 2764 Omnes
415 2722 557 2778 comparant
567 2712 661 2764 Catulli
670 2714 759 2764 XXII.
837 2716 952 2765 Stultum
969 2731 1007 2764 me
1017 2716 1119 2777 fateor,
1136 2718 1210 2765 licent
1221 2716 1349 2766 concedere

219 2798 280 2846 Non
297 2796 407 2844 cidernos
428 2796 553 2843 practicae
569 2796 635 2856 qood
651 2795 678 2843 in
695 2800 762 2856 terpe
802 2798 875 2846 ceris.
908 2796 1044 2845 Horkclius
1069 2794 1168 2858 legebat
1184 2798 1224 2845 tes
1240 2801 1278 2844 est
1294 2809 1348 2845 con-

217 2882 269 2924 est:
296 2882 321 2923 et
337 2874 463 2932 Phaedri,
479 2874 527 2923 IV.
545 2873 568 2920 9.
589 2874 657 2919 nictu
674 2879 761 2921 nostru
802 2878 885 2925 cedere
906 2879 978 2925 vens.
1013 2875 1167 2925 Meinekius:
1189 2876 1274 2925 vincat
1293 2889 1347 2923 eon-

217 2958 302 3004 cidere
326 2969 374 3001 non
400 2967 537 3013 peccemus.
572 2950 657 3013 Atque
681 2952 715 2999 ita
736 2952 761 2999 in
801 2956 885 3001 cedere
900 2957 975 3003 ceris
1010 2953 1076 3003 Sene
1097 2953 1199 3002 difficile
1215 2954 1282 3003 dictu
1299 2962 1347 3010 est,
1418 2993 1424 3004 .

218 3034 322 3084 Graecis
339 3031 438 3087 tabulis,
460 3032 508 3094 οὐχ
524 3030 608 3094 ὁρῶσι.
635 3030 685 3079 Sed
701 3044 760 3092 quo·
802 3031 861 3093 quid
885 3034 960 3080 liceat
975 3033 1105 3095 significet.
1139 3032 1250 3083 conieci:
1278 3034 1347 3081 Stul-

217 3116 293 3163 modo
314 3112 369 3175 quis
390 3111 510 3173 respicere
531 3116 622 3172 potest,
648 3110 713 3173 quod
735 3111 762 3157 in
802 3115 856 3158 tum
872 3128 910 3160 me
917 3111 1009 3174 fatear
1025 3115 1096 3170 lieet,
1118 3118 1143 3162 et
1164 3114 1293 3163 concedere
1308 3129 1347 3161 ve·

216 3202 290 3257 tergo
314 3192 419 3253 pendet?
451 3191 509 3239 Non
535 3189 608 3238 habet
632 3189 713 3238 oculos
735 3191 761 3238 in
801 3192 850 3248 ris,
868 3193 954 3254 Atque
969 3194 1046 3242 etium
1062 3195 1347 3252 insonum5tamenhnc

216 3271 341 3336 occipitio.
367 3269 419 3320 Soli
440 3269 487 3317 hoc
511 3268 573 3317 Iuno
598 3271 696 3328 datum,
718 3271 760 3334 qui
800 3271 1349 3335 edissere,qrsomeAeprotoreputesonimi

216 3370 262 3403 sus
285 3359 356 3413 terge
372 3349 480 3407 videbat,
500 3356 525 3397 et
541 3348 561 3397 is
578 3350 678 3412 quidem
694 3349 760 3398 solus
799 3352 868 3400 nitio.
901 3351 974 3408 Esto,
991 3357 1019 3398 ut
1035 3351 1103 3400 dicis.
1136 3353 1225 3402 Taceo.
1251 3350 1344 3411 Quem-

217 3435 248 3482 de
266 3430 369 3494 superis.
397 3430 473 3479 Recte
489 3430 621 3479 Lucretius
638 3428 686 3477 Ν.
705 3431 759 3479 115.
799 3430 837 3477 ris
854 3437 939 3478 eutem
956 3436 1063 3486 tscesm,
1088 3437 1113 3478 et
1132 3430 1210 3478 famer
1229 3444 1270 3478 me
1291 3444 1345 3479 esse

217 3520 294 3577 etque
310 3513 372 3560 olim
389 3512 436 3558 aiii
451 3511 568 3557 irrident.
587 3510 640 3558 Nec
656 3524 704 3557 suc
723 3525 759 3557 re·
799 3508 910 3567 stidtum,
926 3515 951 3556 et
967 3509 1032 3557 veris
1049 3510 1189 3568 concedere,
1206 3509 1257 3557 imo
1272 3510 1343 3557 etin·

216 3593 327 3656 spiciunt
343 3592 429 3639 miseri
444 3591 513 3637 mala
524 3590 644 3637 stenima.
662 3586 760 3653 Quippe
799 3600 889 3635 sanum
905 3601 970 3644 esse,
992 3602 1050 3635 nem
1071 3590 1181 3637 stultum
1202 3588 1283 3637 dicere
1304 3603 1345 3650 ps-

218 3673 283 3734 terpi
306 3685 356 3719 uon
381 3676 418 3717 est
434 3667 565 3729 cogitatio,
590 3675 618 3716 ut
637 3682 717 3731 neque
733 3668 760 3718 in
799 3681 855 3715 rum
872 3669 984 3725 videtur,
1005 3676 1088 3717 temen
1108 3670 1155 3717 hoc
1176 3668 1238 3717 scire
1260 3669 1345 3732 cupio,

217 3754 245 3801 in
270 3749 420 3800 Horatiano:
451 3746 516 3795 Corn
544 3752 590 3794 tua
612 3750 760 3809 praesideas
800 3748 846 3796 hoc
862 3751 984 3807 medoce,
1000 3764 1049 3813 quo
1064 3764 1103 3797 me
1120 3748 1345 3799 enimiritiolebo

216 3833 295 3881 oculis
319 3829 384 3877 rncle
401 3828 484 3889 lippus
508 3828 626 3875 inunctis.
659 3827 759 3877 Persius
800 3842 855 3876 rere
871 3836 950 3891 putes.

217 3923 316 3975 quoque
333 3907 396 3956 illud
415 3906 580 3967 incongruum
597 3906 697 3964 vitavit,
715 3906 759 3957 Ss-
833 3908 1008 3971 Exspectssses
1025 3911 1115 3968 libeat,
1133 3908 1168 3956 eit
1178 3908 1343 3964 Doderlinus,

217 3991 258 4039 tir.
275 3989 325 4038 IV.
341 3986 382 4037 23.
410 3988 447 4033 Ut
471 3998 540 4031 nemo
564 3986 660 4033 inesse
677 3992 759 4035 tentat
801 3990 843 4036 sed
860 3990 935 4037 liceat
950 3989 991 4036 hic
1006 3989 1071 4038 idem
1086 3988 1217 4050 significet.
1250 3986 1344 4045 Quem·

218 4070 377 4123 descendere,
402 4066 489 4113 nemo!
524 4060 576 4113 Sed
600 4068 760 4125 praecedenti
801 4067 838 4114 vis
860 4067 971 4129 ineptum
988 4075 1012 4114 et
1029 4073 1100 4128 turpe
1117 4065 1196 4113 videri
1211 4064 1302 4126 possit,
1322 4063 1343 4110 si

217 4153 347 4212 spectatur
364 4146 475 4193 mantica
492 4149 566 4203 terpo-
591 4142 682 4191 Melius
698 4145 761 4193 mihi
800 4145 855 4209 quis
871 4158 898 4191 se
912 4145 964 4207 ipse
980 4151 1050 4193 vocet
1064 4144 1169 4192 stultum
1186 4143 1345 4200 etinsunum,

219 4229 355 4277 videretur:
375 4226 488 4274 Reiieere
504 4226 588 4285 teneto
604 4224 682 4273 discet
701 4242 759 4289 pen-
800 4224 846 4272 hoc
861 4230 943 4271 temen
960 4223 1023 4271 mihi
1039 4223 1149 4271 veritatis
1165 4237 1252 4271 censes
1264 4221 1344 4270 fecere

219 4310 306 4356 dentis
318 4314 392 4367 terpc.
417 4304 503 4352 Diseet
518 4300 629 4359 reiicere,
642 4301 760 4364 ἀποβάλ·
801 4301 884 4359 liceat,
901 4309 929 4350 ut
944 4301 1011 4350 libet.

219 4386 281 4447 λειν,
298 4399 362 4449 quae
378 4384 486 4447 pendent
501 4381 527 4429 in
536 4387 619 4443 terge,
633 4383 698 4444 quod
709 4382 760 4445 ipse
835 4382 918 4445 Atque
944 4382 1021 4430 etiem
1047 4382 1172 4430 insanum
1214 4382 1345 4431 Fortasse:

220 4464 331 4527 ignoret,
347 4477 393 4512 nec
409 4464 476 4512 ridet
492 4467 536 4510 sut
552 4460 633 4509 sentit.
804 4462 1102 4520 Adde‚etieminsanum.
1118 4460 1344 4518 Fateorversesse,

254 4544 344 4603 Stoice,
359 4550 417 4607 post
433 4545 552 4592 domnum
565 4542 602 4589 sie
612 4542 761 4591 vendacem·
803 4557 865 4607 quse
882 4540 973 4589 dixisti.
1008 4537 1105 4589 Stultus
1121 4553 1188 4599 sum,
1209 4538 1258 4590 imo
1278 4540 1340 4588 inse·

1163 4622 1181 4683 9
1193 4621 1210 4655 s
