3542 5634
643 559 826 622 LIBER
871 558 895 622 L

247 743 392 810 Sustulit
412 743 577 824 esuriens,
601 742 711 807 minus
734 743 796 807 hoo
819 742 981 808 iucundus
1005 745 1129 810 amicus

247 847 299 913 Sit
319 845 423 910 mihi?
470 845 556 926 Quid
575 845 713 929 faciam,
737 846 767 912 si
788 846 914 911 furtum
936 846 1068 930 fecerit,
1090 856 1148 915 aut
1169 852 1197 916 si

247 949 433 1015 Prodiderit
454 949 631 1014 commissa
654 949 719 1016 fide
741 972 940 1035 sponsumve
961 952 1108 1036 negarit?

247 1053 329 1134 Quis
348 1053 441 1138 paria
459 1075 530 1118 esse
553 1052 619 1118 fere
640 1053 766 1137 placuit
789 1058 940 1138 peccata,
963 1054 1130 1138 laborant,

247 1155 357 1236 Quum
377 1165 515 1223 ventum
534 1159 575 1223 ad
599 1181 712 1223 verum
736 1164 803 1224 est:
824 1181 939 1224 sensus
960 1180 1129 1246 moresque
1145 1170 1341 1248 repugnant,

246 1260 357 1346 Atque
381 1262 455 1347 ipsa
475 1263 618 1346 utilitas,
645 1263 726 1328 iusti
751 1285 852 1349 prope
875 1269 980 1328 mater
1002 1268 1037 1328 et
1059 1265 1163 1350 aequi.

248 1363 357 1444 Quum
380 1363 611 1450 prorepserunt
633 1366 748 1451 primis
768 1366 927 1432 animalia
948 1366 1062 1449 terris,

248 1468 381 1532 Mutum
400 1473 434 1533 et
456 1474 551 1554 turpe
571 1491 689 1554 pecus,
712 1469 867 1555 glandem
890 1474 988 1554 atque
1012 1469 1133 1535 cubilia
1154 1476 1286 1556 propter

247 1570 424 1656 Unguibus
444 1577 477 1637 et
498 1573 639 1658 pugnis,
663 1572 738 1637 dein
760 1573 921 1655 fustibus,
942 1577 1039 1658 atque
1059 1573 1106 1638 ita
1125 1596 1220 1659 porro

248 1673 447 1758 Pugnabant
467 1675 584 1758 armis,
604 1697 687 1762 quae
707 1681 784 1762 post
801 1676 1016 1742 fabricaverat
1039 1698 1136 1742 usus:

160 1791 169 1807 ·
247 1777 359 1842 Donec
380 1779 493 1861 verba,
516 1779 634 1864 quibus
656 1801 752 1846 voces
775 1801 954 1865 sensusque
978 1784 1147 1863 notarent,

246 1880 453 1966 Nominaque
480 1881 650 1947 invenere:
671 1882 789 1947 dehinc
811 1881 1098 1964 absisterebe110‚

248 1983 378 2069 Oppida
399 1988 575 2068 coeperunt
595 1984 739 2068 munire,
758 1989 792 2049 et
810 2007 931 2069 ponere
949 1985 1054 2070 leges,

248 2086 299 2151 Ne
320 2087 393 2172 quis
417 2086 471 2150 fur
488 2091 591 2170 esset,
615 2108 680 2151 neu
703 2087 809 2169 latro,
831 2108 896 2151 neu
917 2087 990 2172 quis
1009 2087 1145 2152 adulter.

246 2189 334 2254 Nam
353 2189 418 2254 fuit
437 2194 514 2254 ante
537 2189 699 2254 Helenam
723 2211 850 2256 cunnus
871 2190 1038 2256 teterrima
1057 2191 1137 2255 belli

247 2293 373 2371 Causa3
398 2293 456 2358 sed
478 2293 602 2378 ignotis
626 2293 794 2378 perierunt
811 2293 972 2359 mortibus
994 2292 1061 2375 illi,

246 2396 336 2476 Quos
362 2397 519 2462 Venerem
543 2397 701 2462 incertam
724 2396 891 2482 rapientes
915 2419 1005 2462 more
1026 2396 1168 2462 ferarum

246 2499 380 2566 Viribus
402 2501 521 2567 editior
543 2501 714 2585 caedebat,
736 2506 776 2565 ut
798 2501 834 2565 in
856 2522 956 2587 grege
978 2505 1101 2566 taurus.

247 2606 324 2670 Iura
342 2605 476 2671 inventa
496 2614 588 2674 metu
609 2607 726 2673 iniusti
746 2608 869 2673 fateare
890 2627 1022 2672 necesse
1045 2609 1110 2687 est,

245 2709 404 2794 Tempora
426 2709 455 2775 si
474 2709 642 2796 fastosque
664 2711 746 2776 velis
772 2710 920 2776 evolvere
942 2706 1068 2772 mundi.

246 2810 315 2877 Nec
338 2817 455 2878 natura
471 2818 582 2899 potest
601 2814 689 2878 iusto
711 2835 875 2879 secernere
898 2812 1066 2897 iniquum,

247 2915 377 2980 Dividit
400 2920 438 2980 ut
460 2917 547 2981 bona
569 2917 726 3000 diversis,
749 2917 908 3002 fugienda
927 2915 1096 3002 petendis:

247 3018 316 3083 Nec
335 3019 446 3084 vincet
471 3020 555 3084 ratio
575 3021 656 3101 hoo,
683 3020 891 3086 tantumdem
914 3027 953 3084 ut
974 3023 1086 3102 peccet
1106 3017 1271 3101 idemque,

246 3121 313 3199 Qui
331 3125 459 3184 teneros
481 3121 590 3187 caules
612 3121 712 3186 alieni
735 3120 868 3206 fregerit
891 3121 978 3184 horti

247 3222 294 3286 Et
313 3221 370 3307 qui
391 3226 570 3290 nocturnus
594 3247 685 3292 sacra
706 3224 820 3291 divom
841 3222 967 3312 legerit.
1015 3221 1116 3287 Adsit

247 3326 395 3412 Regula,
418 3327 560 3411 peccatis
579 3351 662 3415 quae
680 3350 802 3414 poenas
823 3329 946 3414 irroget
968 3348 1107 3412 aequas,

247 3430 298 3495 Ne
321 3430 446 3496 scutica
466 3431 604 3518 dignum
628 3433 777 3502 horribili
799 3439 921 3498 sectere
943 3430 1084 3516 flagello.
1178 3467 1181 3474 ι

200 3690 287 3754 ἀφεὶς,
305 3692 354 3750 τὴν
370 3692 421 3755 πρὸ
432 3692 479 3740 τοῦ
491 3688 622 3754 Ἕρμωνος
638 3691 750 3741 aarum
769 3685 774 3711 ¹
791 3692 873 3739 minus
890 3691 1011 3740 iucundus
1028 3689 1121 3738 amicus
1138 3687 1170 3754 sit
1186 3687 1260 3745 mihi,
1270 3687 1337 3750 quod

201 3766 324 3832 πιοτέραν
339 3770 428 3818 οὖσαν.
791 3778 835 3819 aut
851 3772 960 3820 catinum
983 3769 1071 3834 fregit,
1098 3775 1142 3816 aut
1165 3767 1263 3830 pullum
1279 3772 1337 3814 oute

237 3849 613 3898 Minuahociuctmduoomictu
629 3849 748 3897 sarmiti.
789 3864 829 3899 me
845 3850 952 3912 positum
968 3847 1091 3897 sustulit.“
1116 3846 1297 3895 Animadverte
1313 3853 1337 3894 et

200 3926 257 3976 Cur
278 3927 365 3989 repetit
385 3927 434 3975 alio
455 3925 590 3986 vocabulo,
610 3929 677 3990 quod
698 3928 747 3976 iam
788 3930 851 3978 illud
874 3936 935 3978 onte
962 3944 1000 3977 oze
1024 3929 1144 3990 positum.
1183 3925 1215 3973 Iu
1242 3939 1272 3974 eo
1298 3941 1338 3973 me

200 4006 317 4054 dixerat?
352 4008 390 4055 Ob
412 4008 477 4055 huuc
492 4022 545 4056 rem
568 4013 592 4056 et
614 4010 659 4056 hoc
682 4009 747 4057 idem
789 4009 878 4057 rectius
895 4007 1024 4057 omisisset.
1057 4005 1177 4055 Horatius
1194 4004 1261 4052 onim
1278 4003 1335 4051 scri·

200 4090 247 4134 est.
281 4083 309 4134 Si
329 4085 383 4133 iure
403 4084 572 4145 offendamur,
596 4102 672 4150 supra
697 4087 748 4151 legi
788 4089 836 4151 psit
855 4089 967 4150 positum
989 4089 1049 4133 oute
1067 4098 1112 4146 pro
1133 4089 1193 4131 autc
1210 4083 1336 4144 pucilam,

200 4168 282 4227 potest
292 4168 388 4211 mutata
398 4165 555 4214 distinctione
565 4166 688 4215 Euandri
696 4183 747 4215 mo·
788 4165 902 4214 universe
918 4165 948 4212 de
964 4169 1016 4212 totu
1032 4175 1120 4221 coena3
1138 4176 1193 4209 nica
1208 4163 1237 4208 in
1251 4166 1337 4222 parte,

200 4245 380 4293 uiduata-itum
390 4245 667 4295 deiecttobhoucremt
684 4247 748 4295 deie-
789 4253 826 4294 est
842 4250 903 4294 onte
918 4260 968 4300 me,
993 4248 1018 4291 et
1042 4241 1164 4305 significat
1188 4242 1287 4303 pullum
1313 4239 1334 4287 ei

200 4323 248 4380 eii,
269 4322 329 4384 quia
352 4328 438 4384 potus,
462 4323 494 4372 ob
518 4324 674 4382 ebrietatem,
698 4340 749 4374 non
789 4325 864 4373 fuisse
886 4324 1050 4380 destinatum,
1074 4337 1127 4370 esse
1151 4321 1203 4370 eius
1227 4325 1334 4382 partem.

201 4401 365 4466 petulantiam
381 4408 426 4450 aut
440 4403 573 4452 malitiam:
589 4419 650 4468 ergo
665 4419 748 4468 pecca
791 4407 899 4453 Partem
915 4403 1006 4467 optime
1016 4401 1151 4451 illustravit
1161 4399 1292 4448 Erhardus
1303 4397 1335 4444 ad

201 4492 256 4532 tum
268 4481 340 4530 fuoile
350 4481 536 4545 ignoscendum.
552 4484 750 4550 Potestquoque:
790 4485 890 4534 Patron.
915 4485 956 4533 33.
999 4485 1167 4545 Autepmaere,
1196 4486 1224 4528 ut
1250 4477 1337 4529 Plaut.

201 4565 287 4610 miuus
308 4563 350 4610 hic
371 4563 498 4612 iucundus
517 4565 664 4614 ambussit
679 4567 749 4625 mihi,
789 4565 1041 4616 Menaechm.11.11.
1061 4563 1085 4611 2.
1120 4563 1221 4612 Bonum
1237 4567 1338 4626 svatopo—

201 4642 400 4693 Commentator:
418 4641 503 4703 „Ordo
514 4651 563 4693 est:
580 4645 611 4693 ob
622 4645 685 4694 hano
696 4660 748 4695 rem
789 4662 849 4695 utrm
864 4646 1003 4708 prandium
1018 4643 1194 4707 pransoribus.
