<?xml version="1.0" encoding="UTF-8"?>
<!DOCTYPE html PUBLIC "-//W3C//DTD XHTML 1.0 Transitional//EN"
    "http://www.w3.org/TR/xhtml1/DTD/xhtml1-transitional.dtd">
<html xmlns="http://www.w3.org/1999/xhtml" xml:lang="en" lang="en">
 <head>
  <title>
</title>
<meta http-equiv="Content-Type" content="text/html;charset=utf-8" />
  <meta name='ocr-system' content='tesseract 3.04.00' />
  <meta name='ocr-capabilities' content='ocr_page ocr_carea ocr_par ocr_line ocrx_word'/>
</head>
<body>
  <div class='ocr_page' id='page_1' title='image "./qhoratiiflaccis01peergoog_0165.png"; bbox 0 0 3542 5634; ppageno 0'>
   <div class='ocr_carea' id='block_1_1' title="bbox 407 501 1161 568">
    <p class='ocr_par' dir='ltr' id='par_1_1' title="bbox 407 501 1161 568">
     <span class='ocr_line' id='line_1_1' title="bbox 407 501 1161 568; baseline 0 -3"><span class='ocrx_word' id='word_1_1' title='bbox 407 505 469 566; x_wconf 83' lang='lat'>140</span> <span class='ocrx_word' id='word_1_2' title='bbox 774 501 1161 568; x_wconf 82' lang='lat' dir='ltr'>SATIRARUM.</span> 
     </span>
    </p>
   </div>
   <div class='ocr_carea' id='block_1_2' title="bbox 405 685 1471 2739">
    <p class='ocr_par' dir='ltr' id='par_1_2' title="bbox 447 685 1380 1495">
     <span class='ocr_line' id='line_1_2' title="bbox 449 685 1339 770; baseline -0.002 -18"><span class='ocrx_word' id='word_1_3' title='bbox 449 690 596 752; x_wconf 89' lang='lat' dir='ltr'>Immane</span> <span class='ocrx_word' id='word_1_4' title='bbox 621 691 671 752; x_wconf 91' lang='lat' dir='ltr'>est</span> <span class='ocrx_word' id='word_1_5' title='bbox 694 685 829 770; x_wconf 90' lang='lat' dir='ltr'>vitium,</span> <span class='ocrx_word' id='word_1_6' title='bbox 854 687 930 751; x_wconf 89' lang='lat' dir='ltr'>dare</span> <span class='ocrx_word' id='word_1_7' title='bbox 952 687 1046 751; x_wconf 90' lang='lat' dir='ltr'>milia</span> <span class='ocrx_word' id='word_1_8' title='bbox 1069 692 1162 751; x_wconf 90' lang='lat' dir='ltr'>terna</span> <span class='ocrx_word' id='word_1_9' title='bbox 1184 687 1339 767; x_wconf 83' lang='lat' dir='ltr'>macello,</span> 
     </span>
     <span class='ocr_line' id='line_1_3' title="bbox 448 788 1342 876; baseline 0.001 -22"><span class='ocrx_word' id='word_1_10' title='bbox 448 792 663 876; x_wconf 84' lang='lat' dir='ltr'>Augustoque</span> <span class='ocrx_word' id='word_1_11' title='bbox 686 811 785 874; x_wconf 85' lang='lat' dir='ltr'>vagos</span> <span class='ocrx_word' id='word_1_12' title='bbox 808 791 913 876; x_wconf 81' lang='lat' dir='ltr'>pisces</span> <span class='ocrx_word' id='word_1_13' title='bbox 938 813 1051 875; x_wconf 85' lang='lat' dir='ltr'>urgere</span> <span class='ocrx_word' id='word_1_14' title='bbox 1073 791 1190 855; x_wconf 89' lang='lat' dir='ltr'>catino.</span> <span class='ocrx_word' id='word_1_15' title='bbox 1339 788 1342 802; x_wconf 91' lang='lat'>&#39;</span> 
     </span>
     <span class='ocr_line' id='line_1_4' title="bbox 450 893 1380 979; baseline -0.002 -21"><span class='ocrx_word' id='word_1_16' title='bbox 450 895 570 978; x_wconf 86' lang='lat' dir='ltr'>Magna</span> <span class='ocrx_word' id='word_1_17' title='bbox 593 899 702 958; x_wconf 89' lang='lat' dir='ltr'>movet</span> <span class='ocrx_word' id='word_1_18' title='bbox 725 894 892 958; x_wconf 80' lang='lat' dir='ltr'>stomacho</span> <span class='ocrx_word' id='word_1_19' title='bbox 914 893 1065 977; x_wconf 89' lang='lat' dir='ltr'>fastidia,</span> <span class='ocrx_word' id='word_1_20' title='bbox 1091 915 1148 958; x_wconf 89' lang='lat' dir='ltr'>seu</span> <span class='ocrx_word' id='word_1_21' title='bbox 1170 915 1250 979; x_wconf 89' lang='lat' dir='ltr'>puer</span> <span class='ocrx_word' id='word_1_22' title='bbox 1272 893 1380 958; x_wconf 87' lang='lat' dir='ltr'>unctis</span> 
     </span>
     <span class='ocr_line' id='line_1_5' title="bbox 448 996 1345 1081; baseline -0.002 -19"><span class='ocrx_word' id='word_1_23' title='bbox 448 996 610 1062; x_wconf 80' lang='lat' dir='ltr'>Tractavit</span> <span class='ocrx_word' id='word_1_24' title='bbox 634 996 768 1061; x_wconf 79' lang='lat' dir='ltr'>calicem</span> <span class='ocrx_word' id='word_1_25' title='bbox 791 997 962 1079; x_wconf 91' lang='lat' dir='ltr'>manibus,</span> <span class='ocrx_word' id='word_1_26' title='bbox 987 997 1066 1060; x_wconf 93' lang='lat' dir='ltr'>dum</span> <span class='ocrx_word' id='word_1_27' title='bbox 1089 996 1177 1061; x_wconf 85' lang='lat' dir='ltr'>furta</span> <span class='ocrx_word' id='word_1_28' title='bbox 1199 996 1345 1081; x_wconf 81' lang='lat' dir='ltr'>ligurrit,</span> 
     </span>
     <span class='ocr_line' id='line_1_6' title="bbox 451 1100 1246 1185; baseline -0.004 -18"><span class='ocrx_word' id='word_1_29' title='bbox 451 1101 525 1167; x_wconf 79' lang='lat' dir='ltr'>Sive</span> <span class='ocrx_word' id='word_1_30' title='bbox 548 1100 656 1185; x_wconf 84' lang='lat' dir='ltr'>gravis</span> <span class='ocrx_word' id='word_1_31' title='bbox 680 1100 780 1164; x_wconf 88' lang='lat' dir='ltr'>veteri</span> <span class='ocrx_word' id='word_1_32' title='bbox 803 1105 945 1165; x_wconf 80' lang='lat' dir='ltr'>craterae</span> <span class='ocrx_word' id='word_1_33' title='bbox 966 1101 1066 1166; x_wconf 87' lang='lat' dir='ltr'>limus</span> <span class='ocrx_word' id='word_1_34' title='bbox 1090 1100 1246 1165; x_wconf 78' lang='lat' dir='ltr'>adhaesit</span> 
     </span>
     <span class='ocr_line' id='line_1_7' title="bbox 447 1203 1359 1288; baseline -0.003 -18"><span class='ocrx_word' id='word_1_35' title='bbox 447 1205 577 1270; x_wconf 89' lang='lat' dir='ltr'>Vilibus</span> <span class='ocrx_word' id='word_1_36' title='bbox 600 1204 636 1267; x_wconf 91' lang='lat' dir='ltr'>in</span> <span class='ocrx_word' id='word_1_37' title='bbox 660 1203 783 1288; x_wconf 87' lang='lat' dir='ltr'>scopis,</span> <span class='ocrx_word' id='word_1_38' title='bbox 808 1203 843 1267; x_wconf 91' lang='lat' dir='ltr'>in</span> <span class='ocrx_word' id='word_1_39' title='bbox 866 1204 1011 1288; x_wconf 83' lang='lat' dir='ltr'>mappis,</span> <span class='ocrx_word' id='word_1_40' title='bbox 1036 1204 1071 1268; x_wconf 90' lang='lat' dir='ltr'>in</span> <span class='ocrx_word' id='word_1_41' title='bbox 1098 1205 1193 1269; x_wconf 87' lang='lat' dir='ltr'>scobe</span> <span class='ocrx_word' id='word_1_42' title='bbox 1217 1210 1359 1288; x_wconf 87' lang='lat' dir='ltr'>quantus</span> 
     </span>
     <span class='ocr_line' id='line_1_8' title="bbox 448 1307 1322 1392; baseline -0.005 -18"><span class='ocrx_word' id='word_1_43' title='bbox 448 1307 610 1374; x_wconf 79' lang='lat' dir='ltr'>Consistit</span> <span class='ocrx_word' id='word_1_44' title='bbox 633 1309 785 1371; x_wconf 82' lang='lat' dir='ltr'>sumtus?</span> <span class='ocrx_word' id='word_1_45' title='bbox 807 1307 985 1391; x_wconf 84' lang='lat' dir='ltr'>neglectis,</span> <span class='ocrx_word' id='word_1_46' title='bbox 1009 1307 1174 1392; x_wconf 84' lang='lat' dir='ltr'>flagitium</span> <span class='ocrx_word' id='word_1_47' title='bbox 1196 1307 1322 1391; x_wconf 87' lang='lat' dir='ltr'>ingens.</span> 
     </span>
     <span class='ocr_line' id='line_1_9' title="bbox 448 1409 1281 1495; baseline 0 -21"><span class='ocrx_word' id='word_1_48' title='bbox 448 1411 523 1475; x_wconf 81' lang='lat' dir='ltr'>Teu&#39;</span> <span class='ocrx_word' id='word_1_49' title='bbox 554 1409 679 1494; x_wconf 89' lang='lat' dir='ltr'>lapides</span> <span class='ocrx_word' id='word_1_50' title='bbox 703 1409 808 1475; x_wconf 88' lang='lat' dir='ltr'>varios</span> <span class='ocrx_word' id='word_1_51' title='bbox 832 1410 997 1475; x_wconf 90' lang='lat' dir='ltr'>lutulenta</span> <span class='ocrx_word' id='word_1_52' title='bbox 1018 1411 1128 1475; x_wconf 88' lang='lat' dir='ltr'>radere</span> <span class='ocrx_word' id='word_1_53' title='bbox 1152 1411 1281 1495; x_wconf 89' lang='lat' dir='ltr'>palma,</span> 
     </span>
    </p>

    <p class='ocr_par' dir='ltr' id='par_1_3' title="bbox 405 1513 1471 2739">
     <span class='ocr_line' id='line_1_10' title="bbox 405 1513 1263 1598; baseline 0 -20"><span class='ocrx_word' id='word_1_54' title='bbox 405 1549 409 1562; x_wconf 78' lang='lat'>.</span> <span class='ocrx_word' id='word_1_55' title='bbox 447 1515 493 1578; x_wconf 83' lang='lat' dir='ltr'>Et</span> <span class='ocrx_word' id='word_1_56' title='bbox 515 1513 625 1598; x_wconf 80' lang='lat' dir='ltr'>Tyrias</span> <span class='ocrx_word' id='word_1_57' title='bbox 641 1513 716 1577; x_wconf 89' lang='lat' dir='ltr'>dare</span> <span class='ocrx_word' id='word_1_58' title='bbox 739 1513 860 1578; x_wconf 89' lang='lat' dir='ltr'>circum</span> <span class='ocrx_word' id='word_1_59' title='bbox 882 1513 977 1578; x_wconf 89' lang='lat' dir='ltr'>illota</span> <span class='ocrx_word' id='word_1_60' title='bbox 1000 1514 1116 1578; x_wconf 88' lang='lat' dir='ltr'>toralia</span> <span class='ocrx_word' id='word_1_61' title='bbox 1138 1519 1263 1596; x_wconf 85' lang='lat' dir='ltr'>vestes,</span> 
     </span>
     <span class='ocr_line' id='line_1_11' title="bbox 448 1617 1315 1702; baseline -0.006 -18"><span class='ocrx_word' id='word_1_62' title='bbox 448 1617 615 1698; x_wconf 90' lang='lat' dir='ltr'>Oblitum,</span> <span class='ocrx_word' id='word_1_63' title='bbox 641 1622 763 1700; x_wconf 89' lang='lat' dir='ltr'>quanto</span> <span class='ocrx_word' id='word_1_64' title='bbox 787 1638 897 1681; x_wconf 90' lang='lat' dir='ltr'>curam</span> <span class='ocrx_word' id='word_1_65' title='bbox 921 1622 1131 1702; x_wconf 87' lang='lat' dir='ltr'>sumtumque</span> <span class='ocrx_word' id='word_1_66' title='bbox 1154 1617 1315 1681; x_wconf 86' lang='lat' dir='ltr'>minorem</span> 
     </span>
     <span class='ocr_line' id='line_1_12' title="bbox 449 1720 1309 1804; baseline -0.002 -19"><span class='ocrx_word' id='word_1_67' title='bbox 449 1721 538 1785; x_wconf 85' lang='lat' dir='ltr'>Haec</span> <span class='ocrx_word' id='word_1_68' title='bbox 561 1720 720 1802; x_wconf 82' lang='lat' dir='ltr'>habeant,</span> <span class='ocrx_word' id='word_1_69' title='bbox 746 1725 839 1784; x_wconf 89' lang='lat' dir='ltr'>tanto</span> <span class='ocrx_word' id='word_1_70' title='bbox 862 1720 1054 1804; x_wconf 88' lang='lat' dir='ltr'>reprehendi</span> <span class='ocrx_word' id='word_1_71' title='bbox 1077 1720 1197 1786; x_wconf 87' lang='lat' dir='ltr'>iustius</span> <span class='ocrx_word' id='word_1_72' title='bbox 1222 1720 1309 1802; x_wconf 89' lang='lat' dir='ltr'>illis,</span> 
     </span>
     <span class='ocr_line' id='line_1_13' title="bbox 450 1823 1392 1910; baseline 0 -22"><span class='ocrx_word' id='word_1_73' title='bbox 450 1823 539 1903; x_wconf 79' lang='lat' dir='ltr'>Quae</span> <span class='ocrx_word' id='word_1_74' title='bbox 561 1823 626 1888; x_wconf 88' lang='lat' dir='ltr'>nisi</span> <span class='ocrx_word' id='word_1_75' title='bbox 649 1823 806 1889; x_wconf 84' lang='lat' dir='ltr'>divitibus</span> <span class='ocrx_word' id='word_1_76' title='bbox 830 1832 994 1910; x_wconf 88' lang='lat' dir='ltr'>nequeant</span> <span class='ocrx_word' id='word_1_77' title='bbox 1015 1825 1203 1910; x_wconf 86' lang='lat' dir='ltr'>contingere</span> <span class='ocrx_word' id='word_1_78' title='bbox 1225 1824 1392 1890; x_wconf 84' lang='lat' dir='ltr'>meusis?“</span> 
     </span>
     <span class='ocr_line' id='line_1_14' title="bbox 448 1924 1324 2014; baseline 0.001 -23"><span class='ocrx_word' id='word_1_79' title='bbox 448 1924 575 2010; x_wconf 89' lang='lat' dir='ltr'>„Docte</span> <span class='ocrx_word' id='word_1_80' title='bbox 599 1926 687 2009; x_wconf 80' lang='lat' dir='ltr'>Cati,</span> <span class='ocrx_word' id='word_1_81' title='bbox 711 1949 768 2012; x_wconf 90' lang='lat' dir='ltr'>per</span> <span class='ocrx_word' id='word_1_82' title='bbox 791 1927 972 1993; x_wconf 90' lang='lat' dir='ltr'>amicitiam</span> <span class='ocrx_word' id='word_1_83' title='bbox 995 1929 1152 2014; x_wconf 89' lang='lat' dir='ltr'>divosque</span> <span class='ocrx_word' id='word_1_84' title='bbox 1173 1933 1324 2014; x_wconf 86' lang='lat' dir='ltr'>rogatus,</span> 
     </span>
     <span class='ocr_line' id='line_1_15' title="bbox 447 2031 1409 2118; baseline -0.001 -24"><span class='ocrx_word' id='word_1_85' title='bbox 447 2031 571 2096; x_wconf 89' lang='lat' dir='ltr'>Ducere</span> <span class='ocrx_word' id='word_1_86' title='bbox 595 2053 647 2095; x_wconf 88' lang='lat' dir='ltr'>me</span> <span class='ocrx_word' id='word_1_87' title='bbox 670 2031 837 2114; x_wconf 90' lang='lat' dir='ltr'>auditum,</span> <span class='ocrx_word' id='word_1_88' title='bbox 861 2053 976 2117; x_wconf 87' lang='lat' dir='ltr'>perges</span> <span class='ocrx_word' id='word_1_89' title='bbox 999 2053 1218 2118; x_wconf 89' lang='lat' dir='ltr'>quocumque,</span> <span class='ocrx_word' id='word_1_90' title='bbox 1235 2035 1409 2096; x_wconf 88' lang='lat' dir='ltr'>memento.</span> 
     </span>
     <span class='ocr_line' id='line_1_16' title="bbox 447 2117 1440 2220; baseline 0 -22"><span class='ocrx_word' id='word_1_91' title='bbox 447 2134 553 2218; x_wconf 88' lang='lat' dir='ltr'>Nam,</span> <span class='ocrx_word' id='word_1_92' title='bbox 577 2117 725 2219; x_wconf 83' lang='lat' dir='ltr'>quariivis</span> <span class='ocrx_word' id='word_1_93' title='bbox 749 2135 885 2201; x_wconf 90' lang='lat' dir='ltr'>memori</span> <span class='ocrx_word' id='word_1_94' title='bbox 909 2136 1028 2201; x_wconf 88' lang='lat' dir='ltr'>referas</span> <span class='ocrx_word' id='word_1_95' title='bbox 1052 2136 1134 2200; x_wconf 92' lang='lat' dir='ltr'>mihi</span> <span class='ocrx_word' id='word_1_96' title='bbox 1157 2140 1285 2220; x_wconf 87' lang='lat' dir='ltr'>pectore</span> <span class='ocrx_word' id='word_1_97' title='bbox 1308 2138 1440 2216; x_wconf 87' lang='lat' dir='ltr'>cuncta,</span> 
     </span>
     <span class='ocr_line' id='line_1_17' title="bbox 445 2237 1367 2324; baseline -0.001 -22"><span class='ocrx_word' id='word_1_98' title='bbox 445 2237 520 2302; x_wconf 89' lang='lat' dir='ltr'>Non</span> <span class='ocrx_word' id='word_1_99' title='bbox 544 2244 654 2303; x_wconf 91' lang='lat' dir='ltr'>tamen</span> <span class='ocrx_word' id='word_1_100' title='bbox 678 2239 838 2324; x_wconf 89' lang='lat' dir='ltr'>interpres</span> <span class='ocrx_word' id='word_1_101' title='bbox 863 2240 1071 2305; x_wconf 88' lang='lat' dir='ltr'>tantumdem</span> <span class='ocrx_word' id='word_1_102' title='bbox 1096 2239 1227 2304; x_wconf 84' lang='lat' dir='ltr'>iuveris.</span> <span class='ocrx_word' id='word_1_103' title='bbox 1273 2238 1367 2302; x_wconf 89' lang='lat' dir='ltr'>Adde</span> 
     </span>
     <span class='ocr_line' id='line_1_18' title="bbox 446 2340 1471 2427; baseline -0.002 -22"><span class='ocrx_word' id='word_1_104' title='bbox 446 2341 585 2405; x_wconf 89' lang='lat' dir='ltr'>Vultum</span> <span class='ocrx_word' id='word_1_105' title='bbox 607 2341 820 2426; x_wconf 88' lang='lat' dir='ltr'>habitumque</span> <span class='ocrx_word' id='word_1_106' title='bbox 841 2343 1004 2425; x_wconf 90' lang='lat' dir='ltr'>hominis,</span> <span class='ocrx_word' id='word_1_107' title='bbox 1030 2364 1127 2427; x_wconf 91' lang='lat' dir='ltr'>quem</span> <span class='ocrx_word' id='word_1_108' title='bbox 1150 2347 1188 2406; x_wconf 92' lang='lat' dir='ltr'>tu</span> <span class='ocrx_word' id='word_1_109' title='bbox 1211 2340 1332 2406; x_wconf 88' lang='lat' dir='ltr'>vidisse</span> <span class='ocrx_word' id='word_1_110' title='bbox 1354 2341 1471 2405; x_wconf 87' lang='lat' dir='ltr'>beatus</span> 
     </span>
     <span class='ocr_line' id='line_1_19' title="bbox 446 2440 1353 2531; baseline 0.002 -25"><span class='ocrx_word' id='word_1_111' title='bbox 446 2442 521 2507; x_wconf 90' lang='lat' dir='ltr'>Non</span> <span class='ocrx_word' id='word_1_112' title='bbox 544 2443 806 2528; x_wconf 82' lang='lat' dir='ltr'>magnipendis,</span> <span class='ocrx_word' id='word_1_113' title='bbox 832 2440 909 2531; x_wconf 85' lang='lat' dir='ltr'>quia</span> <span class='ocrx_word' id='word_1_114' title='bbox 932 2445 1089 2530; x_wconf 76' lang='lat' dir='ltr'>contigit,</span> <span class='ocrx_word' id='word_1_115' title='bbox 1114 2450 1149 2509; x_wconf 87' lang='lat' dir='ltr'>at</span> <span class='ocrx_word' id='word_1_116' title='bbox 1171 2444 1254 2508; x_wconf 92' lang='lat' dir='ltr'>mihi</span> <span class='ocrx_word' id='word_1_117' title='bbox 1277 2466 1353 2509; x_wconf 89' lang='lat' dir='ltr'>cura</span> 
     </span>
     <span class='ocr_line' id='line_1_20' title="bbox 446 2546 1301 2632; baseline 0.002 -22"><span class='ocrx_word' id='word_1_118' title='bbox 446 2546 522 2611; x_wconf 89' lang='lat' dir='ltr'>Nou</span> <span class='ocrx_word' id='word_1_119' title='bbox 545 2547 715 2612; x_wconf 90' lang='lat' dir='ltr'>mediocris</span> <span class='ocrx_word' id='word_1_120' title='bbox 739 2548 842 2632; x_wconf 91' lang='lat' dir='ltr'>inest,</span> <span class='ocrx_word' id='word_1_121' title='bbox 867 2549 974 2614; x_wconf 87' lang='lat' dir='ltr'>fontes</span> <span class='ocrx_word' id='word_1_122' title='bbox 997 2553 1036 2614; x_wconf 94' lang='lat' dir='ltr'>ut</span> <span class='ocrx_word' id='word_1_123' title='bbox 1051 2549 1140 2614; x_wconf 91' lang='lat' dir='ltr'>adire</span> <span class='ocrx_word' id='word_1_124' title='bbox 1161 2553 1301 2612; x_wconf 90' lang='lat' dir='ltr'>remotos</span> 
     </span>
     <span class='ocr_line' id='line_1_21' title="bbox 448 2650 1324 2739; baseline 0.002 -25"><span class='ocrx_word' id='word_1_125' title='bbox 448 2650 557 2735; x_wconf 87' lang='lat' dir='ltr'>Atque</span> <span class='ocrx_word' id='word_1_126' title='bbox 579 2652 707 2717; x_wconf 86' lang='lat' dir='ltr'>haurire</span> <span class='ocrx_word' id='word_1_127' title='bbox 731 2673 846 2737; x_wconf 89' lang='lat' dir='ltr'>queam</span> <span class='ocrx_word' id='word_1_128' title='bbox 870 2653 958 2718; x_wconf 80' lang='lat' dir='ltr'>ritae</span> <span class='ocrx_word' id='word_1_129' title='bbox 979 2657 1153 2739; x_wconf 89' lang='lat' dir='ltr'>praecepta</span> <span class='ocrx_word' id='word_1_130' title='bbox 1174 2653 1324 2717; x_wconf 87' lang='lat' dir='ltr'>beatae.“</span> 
     </span>
    </p>
   </div>
   <div class='ocr_carea' id='block_1_3' title="bbox 403 2827 1532 3610">
    <p class='ocr_par' dir='ltr' id='par_1_4' title="bbox 403 2827 1531 2891">
     <span class='ocr_line' id='line_1_22' title="bbox 403 2827 1531 2891; baseline 0 -15"><span class='ocrx_word' id='word_1_131' title='bbox 403 2828 497 2876; x_wconf 67' lang='lat' dir='ltr'>veniis.</span> <span class='ocrx_word' id='word_1_132' title='bbox 532 2827 600 2876; x_wconf 86' lang='lat' dir='ltr'>Usus</span> <span class='ocrx_word' id='word_1_133' title='bbox 616 2827 686 2876; x_wconf 82' lang='lat' dir='ltr'>verbi</span> <span class='ocrx_word' id='word_1_134' title='bbox 701 2828 806 2890; x_wconf 82' lang='lat' dir='ltr'>passivi,</span> <span class='ocrx_word' id='word_1_135' title='bbox 823 2835 851 2876; x_wconf 87' lang='lat' dir='ltr'>ut</span> <span class='ocrx_word' id='word_1_136' title='bbox 868 2829 945 2880; x_wconf 83' lang='lat' dir='ltr'>Grae·</span> <span class='ocrx_word' id='word_1_137' title='bbox 988 2838 1053 2879; x_wconf 86' lang='lat' dir='ltr'>recte</span> <span class='ocrx_word' id='word_1_138' title='bbox 1074 2829 1183 2879; x_wconf 85' lang='lat' dir='ltr'>defendit</span> <span class='ocrx_word' id='word_1_139' title='bbox 1199 2836 1293 2889; x_wconf 81' lang='lat' dir='ltr'>movet,</span> <span class='ocrx_word' id='word_1_140' title='bbox 1319 2836 1447 2891; x_wconf 80' lang='lat' dir='ltr'>tamquam</span> <span class='ocrx_word' id='word_1_141' title='bbox 1464 2829 1531 2877; x_wconf 82' lang='lat' dir='ltr'>abso-</span> 
     </span>
    </p>

    <p class='ocr_par' dir='ltr' id='par_1_5' title="bbox 403 2905 1303 2975">
     <span class='ocr_line' id='line_1_23' title="bbox 403 2905 1303 2975; baseline 0.002 -19"><span class='ocrx_word' id='word_1_142' title='bbox 403 2922 460 2956; x_wconf 86' lang='lat' dir='ltr'>cum</span> <span class='ocrx_word' id='word_1_143' title='bbox 477 2905 647 2971; x_wconf 80' lang='grc' dir='ltr'>εὑρίσκεσθαι,</span> <span class='ocrx_word' id='word_1_144' title='bbox 668 2915 741 2957; x_wconf 89' lang='lat' dir='ltr'>notus</span> <span class='ocrx_word' id='word_1_145' title='bbox 763 2916 811 2969; x_wconf 85' lang='lat' dir='ltr'>cst,</span> <span class='ocrx_word' id='word_1_146' title='bbox 833 2910 945 2975; x_wconf 86' lang='lat' dir='ltr'>frequen-</span> <span class='ocrx_word' id='word_1_147' title='bbox 988 2910 1041 2958; x_wconf 86' lang='lat' dir='ltr'>luta</span> <span class='ocrx_word' id='word_1_148' title='bbox 1056 2918 1081 2959; x_wconf 86' lang='lat' dir='ltr'>et</span> <span class='ocrx_word' id='word_1_149' title='bbox 1099 2911 1303 2974; x_wconf 79' lang='lat' dir='ltr'>impersonaliter.</span> 
     </span>
    </p>

    <p class='ocr_par' dir='ltr' id='par_1_6' title="bbox 404 2987 1532 3054">
     <span class='ocr_line' id='line_1_24' title="bbox 404 2987 1532 3054; baseline -0.002 -18"><span class='ocrx_word' id='word_1_150' title='bbox 404 2989 513 3036; x_wconf 83' lang='lat' dir='ltr'>tissimus</span> <span class='ocrx_word' id='word_1_151' title='bbox 534 2987 576 3037; x_wconf 88' lang='lat' dir='ltr'>ille</span> <span class='ocrx_word' id='word_1_152' title='bbox 598 2989 623 3035; x_wconf 89' lang='lat' dir='ltr'>in</span> <span class='ocrx_word' id='word_1_153' title='bbox 640 2988 673 3037; x_wconf 88' lang='lat' dir='ltr'>N.</span> <span class='ocrx_word' id='word_1_154' title='bbox 688 2989 722 3054; x_wconf 65' lang='lat' dir='ltr'>[P.</span> <span class='ocrx_word' id='word_1_155' title='bbox 739 2991 769 3038; x_wconf 85' lang='lat' dir='ltr'>dc</span> <span class='ocrx_word' id='word_1_156' title='bbox 786 3005 835 3053; x_wconf 90' lang='lat' dir='ltr'>quo</span> <span class='ocrx_word' id='word_1_157' title='bbox 852 2991 944 3052; x_wconf 86' lang='lat' dir='ltr'>optime</span> <span class='ocrx_word' id='word_1_158' title='bbox 1020 2989 1172 3038; x_wconf 89' lang='lat' dir='ltr'>Doderlinus</span> <span class='ocrx_word' id='word_1_159' title='bbox 1188 2989 1298 3052; x_wconf 80' lang='lat' dir='ltr'>agnoscit</span> <span class='ocrx_word' id='word_1_160' title='bbox 1308 2987 1455 3036; x_wconf 78' lang='lat' dir='ltr'>subiectain</span> <span class='ocrx_word' id='word_1_161' title='bbox 1468 3001 1532 3047; x_wconf 78' lang='lat' dir='ltr'>puer</span> 
     </span>
    </p>

    <p class='ocr_par' dir='ltr' id='par_1_7' title="bbox 404 3069 1113 3132">
     <span class='ocr_line' id='line_1_25' title="bbox 404 3069 1113 3132; baseline 0.001 -15"><span class='ocrx_word' id='word_1_162' title='bbox 404 3069 519 3132; x_wconf 85' lang='lat' dir='ltr'>exposuit</span> <span class='ocrx_word' id='word_1_163' title='bbox 542 3069 659 3117; x_wconf 88' lang='lat' dir='ltr'>Winerus</span> <span class='ocrx_word' id='word_1_164' title='bbox 681 3069 695 3130; x_wconf 67' lang='grc' dir='ltr'><strong>ξ</strong></span> <span class='ocrx_word' id='word_1_165' title='bbox 717 3069 756 3122; x_wconf 88' lang='grc'>67.</span> <span class='ocrx_word' id='word_1_166' title='bbox 793 3070 824 3118; x_wconf 95' lang='lat' dir='ltr'>In</span> <span class='ocrx_word' id='word_1_167' title='bbox 848 3072 945 3120; x_wconf 86' lang='lat' dir='ltr'>Latinis</span> <span class='ocrx_word' id='word_1_168' title='bbox 989 3074 1014 3117; x_wconf 89' lang='lat' dir='ltr'>et</span> <span class='ocrx_word' id='word_1_169' title='bbox 1030 3071 1113 3118; x_wconf 84' lang='lat' dir='ltr'>limus.</span> 
     </span>
    </p>

    <p class='ocr_par' dir='ltr' id='par_1_8' title="bbox 403 3145 1531 3212">
     <span class='ocr_line' id='line_1_26' title="bbox 403 3145 1531 3212; baseline -0.004 -16"><span class='ocrx_word' id='word_1_170' title='bbox 403 3149 455 3212; x_wconf 87' lang='lat' dir='ltr'>ipse</span> <span class='ocrx_word' id='word_1_171' title='bbox 471 3149 590 3198; x_wconf 85' lang='lat' dir='ltr'>Horatius</span> <span class='ocrx_word' id='word_1_172' title='bbox 607 3148 687 3210; x_wconf 84' lang='lat' dir='ltr'>Epist.</span> <span class='ocrx_word' id='word_1_173' title='bbox 704 3148 740 3196; x_wconf 88' lang='lat'>11.</span> <span class='ocrx_word' id='word_1_174' title='bbox 758 3164 775 3198; x_wconf 94' lang='lat'>1.</span> <span class='ocrx_word' id='word_1_175' title='bbox 801 3153 854 3200; x_wconf 82' lang='lat'>112.</span> <span class='ocrx_word' id='word_1_176' title='bbox 872 3154 945 3201; x_wconf 78' lang='lat' dir='ltr'>Ince·</span> <span class='ocrx_word' id='word_1_177' title='bbox 1022 3150 1174 3211; x_wconf 76' lang='lat' dir='ltr'>Siveqram&#39;s</span> <span class='ocrx_word' id='word_1_178' title='bbox 1185 3150 1263 3197; x_wconf 79' lang='lat' dir='ltr'>veteri</span> <span class='ocrx_word' id='word_1_179' title='bbox 1273 3153 1387 3197; x_wconf 67' lang='lat' dir='ltr'>aniane</span> <span class='ocrx_word' id='word_1_180' title='bbox 1403 3145 1531 3193; x_wconf 78' lang='lat' dir='ltr'>liniascd·</span> 
     </span>
    </p>

    <p class='ocr_par' dir='ltr' id='par_1_9' title="bbox 403 3226 1531 3370">
     <span class='ocr_line' id='line_1_27' title="bbox 403 3226 1531 3290; baseline -0.004 -14"><span class='ocrx_word' id='word_1_181' title='bbox 403 3231 460 3276; x_wconf 81' lang='lat' dir='ltr'>nior</span> <span class='ocrx_word' id='word_1_182' title='bbox 478 3229 585 3276; x_wconf 80' lang='lat' dir='ltr'>Parthis</span> <span class='ocrx_word' id='word_1_183' title='bbox 601 3228 748 3276; x_wconf 81' lang='lat' dir='ltr'>mendacior.</span> <span class='ocrx_word' id='word_1_184' title='bbox 989 3230 1075 3276; x_wconf 68' lang='lat' dir='ltr'>barat.</span> <span class='ocrx_word' id='word_1_185' title='bbox 1103 3229 1200 3276; x_wconf 84' lang='lat' dir='ltr'>Auctor</span> <span class='ocrx_word' id='word_1_186' title='bbox 1225 3226 1327 3288; x_wconf 81' lang='lat' dir='ltr'>Queroli</span> <span class='ocrx_word' id='word_1_187' title='bbox 1346 3243 1371 3290; x_wconf 94' lang='lat' dir='ltr'>p.</span> <span class='ocrx_word' id='word_1_188' title='bbox 1391 3227 1446 3274; x_wconf 82' lang='grc'><strong>131.</strong></span> <span class='ocrx_word' id='word_1_189' title='bbox 1473 3227 1531 3271; x_wconf 80' lang='lat' dir='ltr'>Am-</span> 
     </span>
     <span class='ocr_line' id='line_1_28' title="bbox 439 3302 1531 3370; baseline -0.004 -16"><span class='ocrx_word' id='word_1_190' title='bbox 439 3305 536 3369; x_wconf 75' lang='lat' dir='ltr'>Maqna</span> <span class='ocrx_word' id='word_1_191' title='bbox 552 3311 630 3353; x_wconf 82' lang='lat' dir='ltr'>movet</span> <span class='ocrx_word' id='word_1_192' title='bbox 638 3308 762 3354; x_wconf 80' lang='lat' dir='ltr'>stomacho</span> <span class='ocrx_word' id='word_1_193' title='bbox 765 3305 886 3367; x_wconf 79' lang='lat' dir='ltr'>fastidia.</span> <span class='ocrx_word' id='word_1_194' title='bbox 913 3307 946 3356; x_wconf 91' lang='lat' dir='ltr'>In</span> <span class='ocrx_word' id='word_1_195' title='bbox 988 3308 1378 3370; x_wconf 76' lang='lat' dir='ltr'>pullcmtrunccmlinwsamque</span> <span class='ocrx_word' id='word_1_196' title='bbox 1388 3302 1531 3366; x_wconf 78' lang='lat' dir='ltr'>densisful-</span> 
     </span>
    </p>

    <p class='ocr_par' dir='ltr' id='par_1_10' title="bbox 404 3381 1531 3436">
     <span class='ocr_line' id='line_1_29' title="bbox 404 3381 1531 3436; baseline -0.005 -2"><span class='ocrx_word' id='word_1_197' title='bbox 404 3385 459 3434; x_wconf 86' lang='lat' dir='ltr'>aliis</span> <span class='ocrx_word' id='word_1_198' title='bbox 475 3389 578 3433; x_wconf 74' lang='lat' dir='ltr'>irrorent.</span> <span class='ocrx_word' id='word_1_199' title='bbox 613 3381 694 3432; x_wconf 85' lang='lat' dir='ltr'>Credo</span> <span class='ocrx_word' id='word_1_200' title='bbox 714 3383 741 3430; x_wconf 90' lang='lat' dir='ltr'>in</span> <span class='ocrx_word' id='word_1_201' title='bbox 761 3385 848 3433; x_wconf 89' lang='lat' dir='ltr'>iisdem</span> <span class='ocrx_word' id='word_1_202' title='bbox 871 3385 946 3435; x_wconf 82' lang='lat' dir='ltr'>fuisse</span> <span class='ocrx_word' id='word_1_203' title='bbox 990 3393 1042 3434; x_wconf 83' lang='lat' dir='ltr'>tam</span> <span class='ocrx_word' id='word_1_204' title='bbox 1059 3387 1156 3436; x_wconf 68' lang='lat' dir='ltr'>caula</span> <span class='ocrx_word' id='word_1_205' title='bbox 1189 3385 1239 3434; x_wconf 91' lang='lat' dir='ltr'>Ubi</span> <span class='ocrx_word' id='word_1_206' title='bbox 1255 3383 1354 3434; x_wconf 82' lang='lat' dir='ltr'>Horatii</span> <span class='ocrx_word' id='word_1_207' title='bbox 1369 3383 1452 3431; x_wconf 90' lang='lat' dir='ltr'>locum</span> <span class='ocrx_word' id='word_1_208' title='bbox 1468 3396 1531 3429; x_wconf 86' lang='lat' dir='ltr'>oom-</span> 
     </span>
    </p>

    <p class='ocr_par' dir='ltr' id='par_1_11' title="bbox 403 3457 1531 3528">
     <span class='ocr_line' id='line_1_30' title="bbox 403 3457 1531 3528; baseline -0.005 -14"><span class='ocrx_word' id='word_1_209' title='bbox 403 3457 540 3514; x_wconf 75' lang='lat' dir='ltr'>stomachi&#39;a</span> <span class='ocrx_word' id='word_1_210' title='bbox 589 3463 701 3512; x_wconf 74' lang='lat' dir='ltr'>Fastidio</span> <span class='ocrx_word' id='word_1_211' title='bbox 731 3471 831 3512; x_wconf 85' lang='lat' dir='ltr'>movent</span> <span class='ocrx_word' id='word_1_212' title='bbox 854 3471 946 3514; x_wconf 76' lang='lat' dir='ltr'>atoma·</span> <span class='ocrx_word' id='word_1_213' title='bbox 989 3466 1087 3528; x_wconf 76' lang='lat' dir='ltr'>paravit</span> <span class='ocrx_word' id='word_1_214' title='bbox 1103 3464 1311 3523; x_wconf 83' lang='lat' dir='ltr'>Klinkhsmerus,</span> <span class='ocrx_word' id='word_1_215' title='bbox 1329 3464 1356 3510; x_wconf 89' lang='lat' dir='ltr'>iu</span> <span class='ocrx_word' id='word_1_216' title='bbox 1372 3476 1418 3511; x_wconf 81' lang='lat' dir='ltr'>sua</span> <span class='ocrx_word' id='word_1_217' title='bbox 1434 3461 1531 3510; x_wconf 79' lang='lat' dir='ltr'>fabulae</span> 
     </span>
    </p>

    <p class='ocr_par' dir='ltr' id='par_1_12' title="bbox 404 3541 1530 3610">
     <span class='ocr_line' id='line_1_31' title="bbox 404 3541 1530 3610; baseline -0.004 -17"><span class='ocrx_word' id='word_1_218' title='bbox 404 3546 484 3602; x_wconf 81' lang='lat' dir='ltr'>cham,</span> <span class='ocrx_word' id='word_1_219' title='bbox 508 3543 620 3599; x_wconf 82' lang='lat' dir='ltr'>turbant,</span> <span class='ocrx_word' id='word_1_220' title='bbox 642 3541 780 3592; x_wconf 81' lang='lat' dir='ltr'>sollicitant.</span> <span class='ocrx_word' id='word_1_221' title='bbox 818 3545 947 3594; x_wconf 87' lang='lat' dir='ltr'>Bentleius</span> <span class='ocrx_word' id='word_1_222' title='bbox 989 3541 1530 3610; x_wconf 73' lang='lat' dir='ltr'>istiuspmeclaraaditione‚hmstelod.1829.</span> 
     </span>
    </p>
   </div>
   <div class='ocr_carea' id='block_1_4' title="bbox 882 3689 1045 3712">
    <p class='ocr_par' dir='ltr' id='par_1_13' title="bbox 882 3689 1045 3712">
     <span class='ocr_line' id='line_1_32' title="bbox 882 3689 1045 3712; baseline 0.018 -9"><span class='ocrx_word' id='word_1_223' title='bbox 882 3689 1045 3712; x_wconf 43' lang='lat' dir='ltr'>q..-</span> 
     </span>
    </p>
   </div>
   <div class='ocr_carea' id='block_1_5' title="bbox 781 3787 1128 3858">
    <p class='ocr_par' dir='ltr' id='par_1_14' title="bbox 781 3787 1128 3858">
     <span class='ocr_line' id='line_1_33' title="bbox 781 3787 1128 3858; baseline 0.02 -7"><span class='ocrx_word' id='word_1_224' title='bbox 781 3787 1045 3856; x_wconf 80' lang='lat' dir='ltr'><strong>&#39;SATIRA</strong></span> <span class='ocrx_word' id='word_1_225' title='bbox 1089 3793 1128 3858; x_wconf 88' lang='lat' dir='ltr'>V.</span> 
     </span>
    </p>
   </div>
   <div class='ocr_carea' id='block_1_6' title="bbox 448 3895 1437 4312">
    <p class='ocr_par' dir='ltr' id='par_1_15' title="bbox 448 3895 1437 4312">
     <span class='ocr_line' id='line_1_34' title="bbox 495 3895 1389 4000; baseline 0.009 -25"><span class='ocrx_word' id='word_1_226' title='bbox 495 3895 604 3979; x_wconf 73' lang='lat' dir='ltr'>„Hoc</span> <span class='ocrx_word' id='word_1_227' title='bbox 629 3927 774 3993; x_wconf 90' lang='lat' dir='ltr'>quoque,</span> <span class='ocrx_word' id='word_1_228' title='bbox 799 3905 938 3992; x_wconf 84' lang='lat' dir='ltr'>Tiresia,</span> <span class='ocrx_word' id='word_1_229' title='bbox 962 3917 1089 3995; x_wconf 88' lang='lat' dir='ltr'>praeter</span> <span class='ocrx_word' id='word_1_230' title='bbox 1111 3918 1241 3978; x_wconf 88' lang='lat' dir='ltr'>narrata</span> <span class='ocrx_word' id='word_1_231' title='bbox 1262 3919 1389 4000; x_wconf 88' lang='lat' dir='ltr'>petenti</span> 
     </span>
     <span class='ocr_line' id='line_1_35' title="bbox 450 4010 1322 4102; baseline 0.005 -22"><span class='ocrx_word' id='word_1_232' title='bbox 450 4012 638 4098; x_wconf 85' lang='lat' dir='ltr'>Responde,</span> <span class='ocrx_word' id='word_1_233' title='bbox 664 4010 781 4096; x_wconf 89' lang='lat' dir='ltr'>quibus</span> <span class='ocrx_word' id='word_1_234' title='bbox 805 4010 942 4078; x_wconf 87' lang='lat' dir='ltr'>amissas</span> <span class='ocrx_word' id='word_1_235' title='bbox 964 4036 1111 4100; x_wconf 88' lang='lat' dir='ltr'>reparare</span> <span class='ocrx_word' id='word_1_236' title='bbox 1134 4039 1249 4102; x_wconf 91' lang='lat' dir='ltr'>queam</span> <span class='ocrx_word' id='word_1_237' title='bbox 1272 4041 1322 4085; x_wconf 89' lang='lat' dir='ltr'>res</span> 
     </span>
     <span class='ocr_line' id='line_1_36' title="bbox 448 4113 1437 4203; baseline 0.01 -20"><span class='ocrx_word' id='word_1_238' title='bbox 448 4117 584 4183; x_wconf 89' lang='lat' dir='ltr'>Artibus</span> <span class='ocrx_word' id='word_1_239' title='bbox 608 4120 705 4201; x_wconf 89' lang='lat' dir='ltr'>atque</span> <span class='ocrx_word' id='word_1_240' title='bbox 726 4113 843 4178; x_wconf 90' lang='lat' dir='ltr'>modis.</span> <span class='ocrx_word' id='word_1_241' title='bbox 893 4115 979 4195; x_wconf 79' lang='lat' dir='ltr'>Quid</span> <span class='ocrx_word' id='word_1_242' title='bbox 1001 4118 1128 4183; x_wconf 79' lang='lat' dir='ltr'>rides?“</span> <span class='ocrx_word' id='word_1_243' title='bbox 1165 4121 1302 4203; x_wconf 89' lang='lat' dir='ltr'>„Iamne</span> <span class='ocrx_word' id='word_1_244' title='bbox 1324 4125 1437 4194; x_wconf 91' lang='lat' dir='ltr'>doloso</span> 
     </span>
     <span class='ocr_line' id='line_1_37' title="bbox 448 4218 1366 4312; baseline 0.009 -25"><span class='ocrx_word' id='word_1_245' title='bbox 448 4223 524 4287; x_wconf 86' lang='lat' dir='ltr'>Non</span> <span class='ocrx_word' id='word_1_246' title='bbox 547 4219 627 4286; x_wconf 85' lang='lat' dir='ltr'>satis</span> <span class='ocrx_word' id='word_1_247' title='bbox 651 4225 701 4284; x_wconf 89' lang='lat' dir='ltr'>est</span> <span class='ocrx_word' id='word_1_248' title='bbox 723 4218 871 4283; x_wconf 90' lang='lat' dir='ltr'>Ithacam</span> <span class='ocrx_word' id='word_1_249' title='bbox 894 4221 1003 4287; x_wconf 88' lang='lat' dir='ltr'>revehi</span> <span class='ocrx_word' id='word_1_250' title='bbox 1024 4223 1211 4310; x_wconf 89' lang='lat' dir='ltr'>patriosque</span> <span class='ocrx_word' id='word_1_251' title='bbox 1232 4233 1366 4312; x_wconf 89' lang='lat' dir='ltr'>penates</span> 
     </span>
    </p>
   </div>
   <div class='ocr_carea' id='block_1_7' title="bbox 582 4339 1528 4480">
    <p class='ocr_par' dir='ltr' id='par_1_16' title="bbox 582 4339 1528 4480">
     <span class='ocr_line' id='line_1_38' title="bbox 582 4339 1527 4412; baseline 0.02 -35"><span class='ocrx_word' id='word_1_252' title='bbox 582 4361 716 4412; x_wconf 67' lang='lat' dir='ltr'>SATIRA</span> <span class='ocrx_word' id='word_1_253' title='bbox 737 4361 770 4409; x_wconf 65' lang='lat' dir='ltr'>V¹</span> <span class='ocrx_word' id='word_1_254' title='bbox 987 4351 1042 4384; x_wconf 80' lang='lat' dir='ltr'>cam</span> <span class='ocrx_word' id='word_1_255' title='bbox 1063 4341 1154 4387; x_wconf 73' lang='lat' dir='ltr'>revehi.</span> <span class='ocrx_word' id='word_1_256' title='bbox 1181 4339 1214 4388; x_wconf 85' lang='lat' dir='ltr'>D.</span> <span class='ocrx_word' id='word_1_257' title='bbox 1238 4341 1355 4391; x_wconf 87' lang='lat' dir='ltr'>Heinsius</span> <span class='ocrx_word' id='word_1_258' title='bbox 1382 4347 1527 4395; x_wconf 84' lang='lat' dir='ltr'>coniecerat:</span> 
     </span>
     <span class='ocr_line' id='line_1_39' title="bbox 987 4416 1528 4480; baseline 0.028 -18"><span class='ocrx_word' id='word_1_259' title='bbox 987 4416 1082 4475; x_wconf 63' lang='lat' dir='ltr'>warne,</span> <span class='ocrx_word' id='word_1_260' title='bbox 1099 4419 1190 4480; x_wconf 78' lang='lat' dir='ltr'>dolose,</span> <span class='ocrx_word' id='word_1_261' title='bbox 1206 4423 1266 4468; x_wconf 82' lang='lat' dir='ltr'>Non</span> <span class='ocrx_word' id='word_1_262' title='bbox 1281 4425 1343 4470; x_wconf 76' lang='lat' dir='ltr'>satir</span> <span class='ocrx_word' id='word_1_263' title='bbox 1359 4431 1396 4472; x_wconf 76' lang='lat' dir='ltr'>est</span> <span class='ocrx_word' id='word_1_264' title='bbox 1412 4428 1528 4477; x_wconf 77' lang='lat' dir='ltr'>Ithacam</span> 
     </span>
    </p>
   </div>
   <div class='ocr_carea' id='block_1_8' title="bbox 438 4460 1528 4564">
    <p class='ocr_par' dir='ltr' id='par_1_17' title="bbox 438 4460 1528 4564">
     <span class='ocr_line' id='line_1_40' title="bbox 438 4460 1528 4564; baseline 0.013 -21"><span class='ocrx_word' id='word_1_265' title='bbox 438 4460 628 4544; x_wconf 73' lang='lat' dir='ltr'>[ammana</span> <span class='ocrx_word' id='word_1_266' title='bbox 662 4494 719 4541; x_wconf 84' lang='lat' dir='ltr'>Non</span> <span class='ocrx_word' id='word_1_267' title='bbox 736 4493 800 4540; x_wconf 77' lang='lat' dir='ltr'>satis</span> <span class='ocrx_word' id='word_1_268' title='bbox 816 4497 854 4539; x_wconf 79' lang='lat' dir='ltr'>est</span> <span class='ocrx_word' id='word_1_269' title='bbox 870 4495 944 4542; x_wconf 78' lang='lat' dir='ltr'>Itha·</span> <span class='ocrx_word' id='word_1_270' title='bbox 987 4497 1076 4544; x_wconf 74' lang='lat' dir='ltr'>receti.</span> <span class='ocrx_word' id='word_1_271' title='bbox 1109 4497 1164 4546; x_wconf 87' lang='lat' dir='ltr'>Hoc</span> <span class='ocrx_word' id='word_1_272' title='bbox 1188 4499 1290 4549; x_wconf 85' lang='lat' dir='ltr'>mirifice</span> <span class='ocrx_word' id='word_1_273' title='bbox 1311 4502 1389 4564; x_wconf 82' lang='lat' dir='ltr'>placet</span> <span class='ocrx_word' id='word_1_274' title='bbox 1411 4507 1528 4556; x_wconf 82' lang='lat' dir='ltr'>Bentleio</span> 
     </span>
    </p>
   </div>
   <div class='ocr_carea' id='block_1_9' title="bbox 0 0 1776 5634">
    <p class='ocr_par' dir='ltr' id='par_1_18' title="bbox 0 0 1776 5634">
     <span class='ocr_line' id='line_1_41' title="bbox 0 0 1776 5634; baseline 0 1"><span class='ocrx_word' id='word_1_275' title='bbox 0 0 1776 5634; x_wconf 95' lang='lat' dir='ltr'> </span> 
     </span>
    </p>
   </div>
  </div>
 </body>
</html>
