3542 5634
679 515 860 581 LIBER
906 519 930 582 Ι.

285 697 361 761 Non
384 697 470 762 ridet
493 720 605 763 versus
632 698 720 762 Enni
743 700 905 783 gravitate
929 701 1090 784 minores,

239 863 371 911 emendare
382 863 485 926 parabat
500 879 586 913 versus
597 865 695 913 Lucilii.
719 864 784 926 Qua-

239 950 311 990 tenus
327 942 454 992 Lucilium
471 959 502 992 ex
519 944 665 1007 fragmentis
682 951 706 992 et
723 945 785 992 iudi·

238 1021 277 1069 cio
293 1022 392 1070 Horatii
408 1023 536 1080 novimus,
558 1024 660 1071 minime
681 1023 702 1070 is
719 1031 785 1080 erat,

238 1101 282 1162 qui
299 1099 347 1148 tale
364 1115 454 1148 munus
471 1108 537 1149 reeta
553 1102 694 1164 susciperet.
720 1102 785 1151 Ver-

237 1193 280 1226 sus
305 1179 436 1227 nonnullos
458 1181 531 1228 Accii
552 1182 623 1243 parvi
640 1181 785 1251 aestimare,

239 1257 392 1319 vituperare,
410 1259 490 1308 ridere
506 1267 609 1322 poterat,
626 1267 785 1322 poteratmu-

240 1341 311 1393 tcre,·
329 1337 373 1383 sed
389 1350 422 1383 an
439 1352 517 1385 unum
535 1338 570 1385 ita
585 1346 683 1387 mutare
699 1339 785 1396 sciret,

239 1420 267 1461 ut
292 1413 444 1462 emendatior
469 1416 517 1463 dici
538 1423 686 1473 mereretur,
712 1417 785 1466 valde

239 1493 332 1542 dubito.
366 1494 449 1542 Multa
465 1495 488 1542 ei
510 1493 625 1555 deerant,
642 1497 785 1560 ingenium,

238 1574 338 1636 peritia,
355 1589 430 1634 usus,
445 1576 571 1638 exempla,
588 1579 718 1639 quominus
740 1578 786 1626 boe

239 1654 286 1701 rite
302 1661 438 1716 perageret.
472 1654 539 1714 Quid
556 1664 620 1705 esset
637 1656 703 1706 lente
720 1657 786 1705 festi·

239 1746 310 1788 nare,
336 1746 388 1780 rem
409 1740 521 1782 accurate
542 1736 710 1793 considerare,
728 1737 785 1784 scri-

239 1811 312 1859 bendi
324 1810 514 1870 laboremferre,
531 1827 632 1875 prorsus
648 1814 785 1878 ignorabat.

242 1887 293 1950 Qui
320 1889 382 1937 vitia
403 1890 528 1952 scriptoris
561 1893 683 1951 sentiunt,
710 1895 785 1942 iidem

238 1975 368 2031 propterca
385 1976 463 2018 artem
479 1970 621 2032 corrigendi
642 1987 693 2020 non
709 1974 784 2035 possi-

238 2048 306 2095 dent.
339 2047 431 2107 Iocari,
453 2049 563 2098 cavillari
578 2050 725 2098 facillimum
742 2059 785 2099 est·

239 2126 306 2184 Hoc,
332 2134 404 2190 puto,
433 2128 538 2176 faciebat
565 2128 684 2178 Lucilius.
719 2128 785 2190 Quo-

239 2205 322 2261 modo,
339 2220 399 2254 mox
414 2206 561 2254 ridebimus.

272 2285 343 2333 Idem
359 2287 458 2334 ridebat
475 2300 561 2334 versus
573 2286 650 2336 Ennii
659 2288 787 2348 grauitate

239 2364 355 2412 minues.
371 2362 569 2413 Commentator:
587 2367 686 2421 „minas
699 2382 787 2428 proces

239 2457 316 2504 qaum
332 2449 455 2504 oportet.“
472 2445 625 2508 Porphyrio:
643 2446 786 2509 „Nouergo

240 2522 314 2569 etiam
331 2523 399 2571 Enni
423 2538 509 2572 versus
527 2524 603 2589 ridet,
620 2525 663 2587 qui
679 2525 785 2574 minores

239 2608 299 2648 sunt
317 2616 467 2665 quamquam
484 2602 631 2666 dignitatem
646 2604 699 2652 eius
711 2607 786 2668 possit

825 882 867 915 sus
887 869 947 917 Acci
964 871 1092 931 pravitate
1109 871 1233 918 rutuorcs?
1262 870 1373 919 Lucilius

825 946 890 993 comi
907 961 997 1008 genere
1013 948 1110 995 dicendi
1121 949 1242 1010 garriens,
1254 949 1373 1007 Ennium,

825 1040 906 1087 saepe,
923 1027 997 1074 etiam
1013 1033 1085 1074 extra
1101 1027 1263 1089 tragoediam,
1279 1029 1373 1090 tragico

825 1117 894 1152 more
919 1105 1005 1154 fortius
1021 1105 1162 1168 loquentem
1184 1112 1208 1153 et
1223 1112 1373 1165 tumentem,

824 1190 916 1232 mutat:
943 1187 1055 1247 tropicas
1080 1185 1198 1246 figurate,
1224 1191 1251 1231 ut
1272 1184 1372 1234 Graecis

825 1264 956 1326 τραγικὸς,
980 1261 1124 1326 τραγωόεῖν.
1158 1262 1268 1321 Ennius,
1291 1264 1372 1312 iudice

824 1339 930 1400 Lucilio,
947 1340 994 1398 ibi,
1009 1340 1051 1387 ubi
1067 1340 1135 1388 locus
1152 1355 1203 1389 non
1220 1349 1280 1400 erat,
1297 1343 1372 1392 inter·

825 1418 885 1466 dum
906 1419 1003 1482 proiicit
1018 1418 1152 1482 ampullas,
1169 1420 1262 1482 tragica
1278 1422 1372 1484 ampul-

824 1496 898 1546 latur.
934 1498 988 1546 Hos
1005 1512 1092 1546 versus
1110 1504 1207 1557 acutat,
1233 1498 1300 1546 aliud
1318 1514 1372 1548 ver-

825 1576 885 1624 bum
910 1576 952 1623 alii
979 1576 1120 1634 substituit,
1144 1577 1262 1640 pleraque
1277 1585 1373 1636 servat,

826 1662 899 1717 atquc
923 1655 958 1703 ita
973 1662 1065 1711 mutat,
1087 1663 1115 1703 ut
1138 1670 1225 1704 versus
1242 1658 1268 1704 in
1285 1657 1373 1705 ridicu·

825 1732 878 1780 lum
903 1733 1111 1796 detorqueantur,
1138 1734 1257 1799 παρῳόεῑ.
1301 1735 1374 1784 Ratio

826 1810 936 1860 Graecae
953 1811 1067 1875 paradise
1089 1826 1121 1860 ex
1138 1812 1245 1862 Comicis
1262 1814 1373 1873 discitur,

825 1888 932 1938 Latinae
948 1890 1063 1954 exempla
1074 1892 1237 1940 animadverti
1254 1893 1374 1942 nonnulla

826 1967 958 2017 inPlauto.
976 1969 1071 2018 Notum
1088 1969 1151 2017 illud
1168 1970 1279 2018 Terentii
1287 1972 1373 2020 Eunu·

825 2045 865 2093 ehi
882 2045 932 2094 ΠΙ.
950 2059 976 2094 v.
1002 2048 1041 2096 42.
1068 2054 1184 2110 atquem
1202 2052 1304 2098 Deum!
1330 2053 1374 2112 qui

826 2127 921 2186 correpta
945 2127 1006 2175 coeli
1029 2142 1126 2175 ruarmo
1147 2130 1232 2176 sonita
1253 2132 1373 2178 concutit.

827 2202 878 2250 Ubi
902 2204 1032 2252 Donatus:
1061 2206 1198 2269 „Happdr'u
1225 2208 1255 2255 de
1282 2208 1373 2255 Ennio.

827 2280 955 2330 Sententia
966 2283 1073 2346 tragica,
1084 2285 1128 2332 scd
1142 2285 1172 2332 de
1184 2285 1312 2344 industria,
1323 2301 1373 2335 non

826 2364 935 2408 errore.“
964 2361 1059 2411 Omitto
1075 2362 1137 2422 alia,
1154 2377 1217 2427 quae
1242 2365 1267 2411 in
1285 2364 1373 2414 Satiris

827 2439 946 2488 Romanis
964 2447 988 2488 et
998 2441 1192 2504 Epigrammatis
1205 2443 1372 2492 inveniuntur.

826 2518 884 2581 Ipse
900 2519 1020 2568 Horatius
1036 2521 1104 2569 dedit
1120 2525 1240 2584 exempla.
1270 2523 1373 2586 Ineptus

826 2598 899 2660 poeta
909 2598 1002 2646 Furius
1013 2599 1124 2646 dixerat:
1142 2601 1246 2662 Iupiter
1257 2603 1374 2651 hibernas

826 2692 891 2724 caua
907 2680 964 2726 aloc
991 2680 1106 2740 corupm't
1123 2680 1214 2741 Alpes,
1240 2679 1373 2738 Horatius,

827 2769 902 2803 versu
918 2762 1028 2815 matuta,
1059 2758 1158 2805 Furius
1175 2759 1291 2806 triber-nas
1310 2774 1374 2806 carru

828 2836 883 2882 nive
900 2838 1014 2899 conspuit
1031 2838 1116 2899 Alpes.
1150 2835 1229 2884 Plura
1242 2851 1274 2886 ex
1294 2837 1373 2885 Hora-

239 2681 361 2744 assequi.“
378 2680 430 2730 Ubi
439 2681 572 2744 legendum
589 2681 700 2730 videtur:
710 2699 785 2746 quum

239 2761 285 2821 qai
305 2763 457 2822 dtpnuatem
481 2763 536 2809 eiua
557 2762 656 2822 possint
677 2765 785 2824 assequi.

239 2836 314 2886 Ridet
335 2852 421 2887 versus
441 2839 559 2902 quisunt
579 2840 687 2888 minores
704 2842 786 2902 gravi·

238 2921 290 2962 tate
305 2916 393 2963 Ennii:
420 2916 507 2964 melius
530 2916 716 2966 Commentator
732 2919 786 2967 iun·
827 2914 861 2962 tio
878 2929 929 2963 non
946 2917 1047 2973 addam,
1065 2917 1107 2964 sed
1124 2917 1237 2965 omittere
1252 2931 1303 2966 non
1320 2932 1374 2980 pos-

238 2994 277 3056 git
300 3009 388 3042 veram
410 2997 505 3051 Enati,
526 2998 633 3045 minores
652 3000 786 3060 prucitctc.
826 3006 897 3050 tum,
918 3009 982 3056 quae
1002 2994 1120 3057 leguntur
1137 2995 1164 3042 in
1180 2996 1241 3044 Vita
1256 2995 1374 3059 Virgilii:

242 3073 366 3120 Gravitas
390 3086 440 3118 non
458 3079 496 3119 eat
511 3073 602 3130 virtus,
623 3089 673 3136 qua
688 3076 786 3123 Ennius
827 3069 1026 3129 „obtrectatores
1051 3072 1159 3134 Virgilio
1181 3088 1309 3136 nunquam
1334 3076 1374 3123 de-

238 3167 298 3215 prae
315 3151 416 3199 caeteris
438 3153 517 3214 poetis
539 3145 671 3202 censetur.‘
694 3153 786 3214 Quam·
827 3148 935 3199 fuerunt.
952 3151 1019 3199 Nam
1028 3165 1060 3198 ne
1071 3152 1181 3200 Homero
1191 3153 1298 3214 quidem.
1311 3154 1374 3202 Pro-

239 3245 315 3295 quam
333 3230 374 3278 vel
391 3231 417 3278 in
433 3231 579 3293 fragmentis
600 3233 676 3281 multi
698 3248 786 3282 versus
827 3227 883 3276 latis
900 3229 1023 3278 Bucolicis
1041 3230 1208 3278 innominatus
1219 3231 1320 3294 quidam
1336 3246 1374 3280 re·

238 3310 362 3372 gravitate
378 3309 502 3372 conspicui
519 3312 684 3374 reperiuntur,
708 3311 786 3361 veluti
827 3307 925 3370 scripsit
933 3308 1119 3367 Antibuoolica,
1136 3310 1197 3357 duas
1213 3312 1287 3359 modo
1303 3311 1375 3360 Ecle-

240 3391 298 3437 betlc'
308 3389 426 3451 ferratos
440 3395 523 3450 postes
539 3383 647 3447 caetera,
668 3399 692 3439 ct
714 3391 787 3441 multi
828 3401 885 3448 gas,
903 3388 945 3434 sed
963 3387 1125 3436 insulsissime
1140 3387 1304 3450 παρῳδήσας,
1316 3404 1374 3452 quu-

239 3467 280 3514 alii
296 3467 349 3516 sine
365 3467 440 3515 dubio
461 3469 640 3531 reperirentur,
661 3471 682 3516 si
697 3471 787 3533 scripta
827 3480 884 3513 rum
912 3466 1001 3529 prioris
1022 3465 1120 3513 initium
1145 3471 1194 3514 est:
1214 3467 1332 3528 ΜΨ,
1353 3471 1376 3514 sa'

240 3547 338 3608 integra
360 3548 391 3595 ad
414 3561 460 3596 nos
476 3549 656 3610 pervenissent,
672 3549 786 3598 Annales
828 3550 886 3606 tcpa
902 3545 976 3592 calda
993 3547 1041 3593 tibi
1057 3551 1108 3604 cst,
1124 3559 1172 3607 quo
1190 3546 1376 3610 teqmiaefagt?

240 3638 295 3674 uc.
313 3627 378 3674 unde
393 3627 483 3675 Livius
500 3626 570 3675 initia
586 3627 710 3676 Historiae
726 3642 787 3676 supe
827 3625 963 3686 sequentis:
978 3627 1029 3673 Dic
1040 3625 1115 3684 stibi,
1133 3622 1272 3682 Damoeta5
1290 3626 1375 3673 caiam

240 3702 276 3749 ita
291 3716 391 3752 ornasse
413 3706 525 3764 videtur,
541 3712 569 3753 ut
589 3706 670 3753 multa
691 3705 786 3755 disiecti
825 3718 914 3764 pecus,
939 3719 1004 3752 unae
1021 3704 1163 3751 Latinum?
1197 3704 1264 3762 Noa,
1289 3720 1376 3754 veram

240 3783 326 3843 poetae
334 3784 445 3832 membra
456 3784 675 3847 iniisappareant.
692 3787 785 3847 Quam·
829 3785 937 3844 seponis
966 3786 1048 3832 nostri
1081 3785 1116 3832 sic
1143 3798 1204 3831 rare
1230 3784 1375 3845 loquantur.

240 3875 315 3923 quam
331 3863 408 3926 igitur
424 3865 522 3912 Ennius
539 3867 667 3927 maauaie
683 3866 785 3915 minime
828 3859 912 3917 Alius,
929 3863 1047 3911 recitante
1063 3878 1093 3911 ea
1109 3877 1141 3911 ex
1159 3862 1301 3924 Georgicis:
1320 3864 1375 3912 Na-

239 3940 286 3988 suit
307 3941 450 3999 destitutus,
472 3942 552 3990 multa
574 3951 659 3992 tamen
675 3946 787 3993 cermina
827 3941 948 3998 duaara,
965 3945 1126 3991 casnedus:
1144 3943 1259 4000 subiecit,
1277 3945 1377 3992 babebis

239 4022 382 4082 composuit,
389 4021 416 4069 in
427 4021 516 4085 quibus
526 4025 640 4085 pruritus
651 4038 702 4072 non
710 4022 785 4082 laudi,
820 4019 934 4081 frigora,
945 4020 1070 4081 fetrem.“
1096 4020 1221 4069 Lucilium
1242 4019 1286 4068 tali
1303 4021 1376 4068 modo

239 4099 283 4146 sed
304 4099 365 4148 vitio
387 4101 524 4149 duceretur.
563 4101 647 4161 Quare
673 4103 785 4151 Lucilius
827 4099 908 4160 egisse
932 4100 959 4146 in
980 4100 1075 4156 Ennio,
1102 4099 1209 4162 intelligi
1233 4099 1322 4162 poterit
1343 4113 1376 4146 ex

239 4179 275 4226 sie
291 4179 340 4228 dici
361 4195 412 4228 non
428 4187 507 4243 potest
524 4195 611 4229 versus
628 4183 712 4231 minus
730 4198 786 4246 gra-
827 4177 986 4226 annotatione
1013 4177 1094 4227 Servii
1120 4179 1151 4225 ad
1168 4181 1234 4226 Aen.
1252 4178 1301 4226 XI.
1319 4179 1375 4226 601.

241 4272 284 4306 ves
300 4261 394 4309 clause.
828 4258 880 4305 late
889 4257 996 4319 ferreas
1008 4258 1089 4305 bustis
1101 4257 1201 4305 Horret
1212 4272 1278 4319 aper.
1296 4256 1376 4314 „Ver-

271 4336 387 4386 Fortasse
404 4339 543 4387 Horatiana
560 4338 648 4387 melius
665 4339 785 4402 intellige·
827 4349 870 4383 sus
895 4335 1026 4383 Ennianus
1051 4335 1204 4398 vituperatus
1221 4335 1317 4384 Lucilio
1340 4336 1375 4383 di·

240 4422 333 4475 tentur,
349 4417 384 4465 ita
400 4424 528 4480 concepta:
546 4418 595 4465 Ntz
610 4419 686 4467 comis
695 4421 788 4480 tropici
827 4415 892 4463 oenti
909 4429 953 4477 per
974 4413 1115 4462 irrisionem
1131 4413 1243 4463 debuisse
1260 4429 1317 4463 eum
1339 4415 1375 4462 di·
1413 4417 1415 4422 '

240 4501 324 4543 :nutat
341 4498 461 4545 Lucilius
472 4495 565 4544 Euat?
589 4497 648 4545 Noa
658 4497 786 4546 rr'clctucr·
827 4508 895 4543 cere:
913 4497 998 4543 barret
1013 4499 1038 4542 et
1055 4493 1128 4555 cluet.
1163 4493 1236 4542 Unde
1257 4494 1375 4543 Horatius

1197 4572 1245 4638 δῦ
