3542 5634
703 518 885 582 LIBER
931 519 955 581 l.

306 705 438 770 Vilibus
464 705 498 767 in
521 702 609 767 ludis
633 702 750 767 dictari
773 702 919 767 carmina
942 702 1062 767 malis?

307 810 382 873 Nou
406 829 485 892 ego;
510 827 588 870 uam
599 805 680 870 satis
693 804 917 890 est,cquitem
927 805 1010 869 mihi
1022 804 1196 890 plaudere,
1222 809 1260 869 ut
1271 804 1394 886 audax,

308 910 515 995 Contemptis
539 909 632 990 aliis,
657 908 793 993 explosa
814 909 1002 973 Arbuscula
1025 908 1118 972 dixit.

308 1016 395 1079 Meu'
420 1019 550 1078 moveat
573 1012 679 1077 cimex
702 1010 885 1092 Pantilius,
910 1017 968 1076 aut
991 1011 1127 1092 cruciet,
1153 1011 1239 1095 quod

306 1117 448 1183 Vellicet
470 1115 639 1180 absentem
663 1113 870 1195 Demetrius,
897 1118 955 1178 aut
978 1113 1066 1198 quod
1088 1113 1220 1198 ineptus

308 1219 456 1284 Fannius
480 1216 699 1302 Hermogenis
722 1216 833 1281 laedat
855 1214 994 1280 conviva
1016 1215 1154 1300 Tigelli?

308 1321 437 1387 Plotius
460 1326 494 1385 et
516 1319 653 1402 Varius,
679 1319 850 1384 Maecenas
873 1318 1115 1403 Virgiliusque,

309 1423 470 1507 Valgius,
496 1426 529 1486 et
550 1421 666 1506 probet
687 1421 766 1486 haec
791 1421 946 1486 Octavius
970 1420 1134 1506 optimus,
1159 1424 1258 1505 atque

309 1528 456 1608 Fuscus,
481 1525 614 1590 ethaeo
637 1524 766 1589 utinam
789 1523 962 1589 Viscorum
985 1524 1099 1589 laudet
1121 1523 1270 1609 uterquel

308 1628 500 1694 Ambitione
523 1628 673 1712 relegata
694 1633 727 1692 te
750 1627 856 1693 dicere
880 1648 1032 1712 possum,

308 1732 433 1814 Pollio,
457 1735 505 1813 te,
529 1731 686 1812 Messala,
710 1736 768 1795 tuo
792 1730 1004 1812 cumfratre,
1030 1729 1193 1815 simulque

309 1835 395 1917 Vos,
420 1833 538 1898 Bibule
561 1837 594 1898 et
618 1833 725 1915 Servi,
751 1833 850 1897 simul
874 1833 926 1897 his
949 1839 1000 1915 te,
1025 1831 1163 1897 candide
1187 1832 1301 1915 Furni,

311 1937 502 2022 Complures
526 1936 628 2018 alios,
653 1935 766 2000 doctos
791 1957 852 2020 ego
875 1957 956 2021 quos
981 1940 1014 2000 et
1036 1935 1158 2000 amicos

311 2042 458 2106 Prudens
481 2044 666 2124 praetereo,
690 2038 809 2123 quibus
832 2039 930 2120 haec,
955 2038 1023 2103 sint
1046 2037 1317 2122 qualiacumque,

308 2143 461 2208 Arridere
483 2141 600 2223 velim,
625 2139 805 2223 doliturus,
830 2139 859 2204 si
881 2140 1034 2225 placeant
1057 2160 1114 2224 spe

311 2247 462 2312 Deterius
485 2251 606 2310 nostra.
654 2244 818 2326 Demetri,
842 2250 958 2329 teque,
983 2242 1119 2328 Tigelli,

313 2348 557 2434 Discipularum
582 2348 668 2412 iuter
689 2347 785 2412 iubeo
808 2347 935 2432 plorare
959 2347 1137 2414 cathedras.

313 2455 350 2536 l,
374 2474 475 2538 puer,
500 2456 598 2536 atque
621 2472 695 2516 meo
719 2451 803 2515 citus
826 2450 906 2516 haec
929 2448 1096 2515 subscribe
1120 2449 1242 2518 libello.

296 2607 391 2653 Probet
399 2607 458 2654 baec
466 2605 587 2652 Octavius
595 2603 811 2665 optimua.Quam·
853 2604 998 2666 paedagogo
1032 2616 1076 2650 nec
1098 2601 1222 2662 magistris
1246 2600 1399 2648 committere

265 2698 343 2745 quam
358 2684 405 2732 hoc
425 2698 475 2731 non
491 2698 523 2731 ex
542 2683 631 2730 nostris
647 2683 757 2731 moribus
776 2683 812 2731 iu·
853 2682 966 2731 audebat.
999 2681 1062 2730 Dixi
1086 2683 1117 2728 ad
1142 2682 1166 2730 b.
1191 2681 1209 2730 l.
1234 2679 1353 2729 nonnulla
1369 2682 1400 2728 de

267 2762 400 2810 dicandum
419 2763 463 2821 sit,
490 2776 581 2810 nomeu
598 2767 682 2808 tamen
701 2761 813 2822 Augusti
853 2762 962 2810 moribus
989 2761 1147 2824 turpissimis.
1194 2761 1248 2827 3Hic
1273 2767 1400 2825 praeterea

267 2840 305 2888 sic
324 2842 389 2889 inter
413 2841 537 2904 Valgium
562 2848 586 2888 et
609 2841 718 2889 Fuscum
746 2840 813 2902 poni,
853 2842 931 2891 affero
946 2843 1110 2906 Epigramma
1131 2857 1164 2891 ex
1185 2841 1293 2891 Anthol.
1316 2841 1399 2890 Latin.

268 2920 353 2968 miror.
391 2921 467 2968 Recte
489 2919 537 2967 viri
554 2919 619 2966 docti
641 2917 719 2966 alium
740 2917 813 2966 Otta-
853 2921 940 2969 Burm.
958 2921 988 2968 T.
1006 2921 1027 2968 Ι.
1044 2936 1068 2982 p.
1086 2923 1141 2970 453.
1167 2921 1241 2983 idque
1263 2935 1293 2968 oo
1313 2920 1399 2968 lnben-

268 2998 339 3045 vium
355 2998 491 3060 significari
503 2998 618 3044 iudicant
652 2994 725 3054 Quod
737 2994 814 3042 Beut-
854 3001 903 3046 tius
920 3001 979 3060 quia
1003 2999 1106 3047 fortasse
1131 2999 1219 3046 melius
1245 2999 1400 3061 interpretari

268 3076 333 3123 laius
360 3075 502 3136 distinguit:
535 3077 629 3123 Probet
652 3076 712 3121 irasc
739 3073 814 3120 Octa·
854 3076 912 3134 scio,
928 3092 1004 3141 quam
1014 3077 1176 3125 Burmannus
1188 3076 1256 3126 fecit:
1275 3080 1322 3136 De,
1333 3079 1402 3126 Ludi

268 3154 543 3215 communicentque
556 3154 666 3210 Fuscus,
683 3151 743 3199 mibi
760 3166 814 3214 pro·
859 3155 991 3218 blopistro.
1026 3156 1149 3204 Indoctus
1166 3159 1400 3217 imercmsuscepit

268 3240 355 3295 pterea
370 3247 419 3280 non
436 3233 539 3291 arridet,
561 3234 627 3296 quod
643 3232 712 3279 lusus
738 3231 816 3280 videri
859 3237 963 3284 Calculo
978 3237 1079 3296 pubem,
1107 3236 1191 3293 Quam
1213 3240 1283 3297 coyct
1304 3237 1401 3296 primas

269 3313 347 3374 possit
372 3313 397 3359 in
420 3313 519 3360 nomine
545 3315 623 3361 Fusci
641 3312 745 3370 Aratu,
764 3313 815 3360 Ηο-
856 3315 948 3361 discere
966 3315 1090 3362 literulos.
1125 3315 1175 3362 Sea
1198 3329 1275 3375 quarn
1291 3315 1400 3374 aucipa-

269 3393 334 3440 ratio
349 3398 402 3440 tam
419 3393 547 3454 indignus,
573 3400 601 3440 ut
617 3391 658 3440 vel
671 3392 764 3453 species
780 3392 816 3437 vi·
857 3390 893 3440 les
910 3393 980 3440 ucello
1005 3398 1101 3441 terrore
1118 3392 1220 3450 coircct,
1249 3393 1288 3439 Et
1302 3392 1401 3452 ferulis

271 3473 348 3520 tanda
364 3478 437 3520 esset.
856 3471 945 3532 culpas
963 3473 1049 3520 toliere
1065 3477 1146 3520 cessat
1168 3473 1251 3518 iners:
1275 3472 1421 3520 Proiectis.

305 3550 498 3612 Duciputarum
527 3551 595 3596 iuter
619 3550 689 3596 iubeo
716 3551 818 3610 plorare
854 3551 931 3610 pueri
947 3552 1041 3600 tabulis
1076 3553 1192 3599 Floralia
1213 3551 1314 3598 ludunt.
1342 3551 1401 3597 laur

271 3632 412 3678 cathedras.
445 3628 566 3676 Horatius
583 3626 817 3676 acerbissimeinve·
857 3645 945 3678 uesieu
962 3631 1016 3678 iudi
1032 3631 1082 3678 rite
1098 3631 1217 3692 creptum
1234 3631 1315 3677 babet.
1332 3628 1401 3677 Acu-

272 3709 341 3757 bitur
356 3709 382 3756 in
398 3707 649 3770 inimicos,aquibus
663 3706 750 3755 absens
768 3706 817 3754 rel·
857 3723 915 3756 men
931 3708 1125 3772 Epigrammatis
1149 3709 1196 3757 boc
1215 3722 1268 3757 esse
1289 3708 1401 3757 ridetur:

245 3833 249 3836 .
271 3788 399 3836 licabatur.
432 3788 467 3836 Hi
483 3794 554 3835 erant
570 3788 657 3849 politae
672 3784 817 3847 ludimagis-
858 3788 981 3851 Magister
997 3788 1090 3850 accepit
1100 3802 1191 3837 nomen
1206 3789 1284 3846 Flori,
1300 3788 1359 3852 quia
1375 3788 1402 3835 in

273 3868 314 3916 tri.
347 3867 490 3916 Demetrius
513 3874 538 3915 et
555 3865 677 3928 Tigellius
694 3866 817 3914 habebant
857 3866 941 3915 schola
957 3866 1010 3915 ludi
1026 3866 1137 3916 Floralia
1153 3868 1267 3929 a-pueris
1283 3866 1400 3916 ludeban-

220 3960 223 3965 ’
272 3948 423 4008 discipulas,
439 3946 474 3994 ita
492 3946 579 4002 dietas,
595 3952 624 3993 ut
641 3947 817 4007 Pediaciapro
858 3953 905 3998 tur.
922 3947 963 3995 De
976 3945 1038 3995 festo
1048 3946 1168 3994 obscoeno
1184 3947 1267 3994 omnia
1278 3946 1401 4004 nota,vel

275 4027 403 4075 Pediccio.
437 4026 555 4075 Miseram
576 4025 716 4073 scholarum
735 4026 817 4073 condi·
858 4041 891 4074 ex
907 4025 1022 4074 Martiale
1039 4026 1061 4074 Ι.
1078 4027 1118 4074 36.
1134 4027 1199 4083 Quis
1217 4025 1333 4073 Floralia
1350 4039 1401 4072 ves-

272 4105 366 4152 tionem
383 4112 408 4153 et
424 4105 554 4153 imminens
565 4105 675 4168 undique
686 4105 818 4167 pudicitiae
859 4108 904 4162 tit,
917 4111 942 4153 ct
950 4107 1071 4152 stolatum
1087 4105 1222 4152 Permittit
1231 4104 1402 4152 meretricibus

274 4182 410 4244 periculum
447 4184 568 4232 Horatius
601 4183 752 4244 significavit
792 4183 818 4230 in
856 4184 992 4245 pudorem?

274 4261 350 4310 Satir.
368 4261 389 4308 1.
408 4275 444 4311 vr.
462 4261 505 4311 81.
532 4262 668 4323 Ipsemibi
683 4267 767 4310 erutos
780 4263 818 4308 iu·
891 4259 1052 4310 Heindorfius
1083 4261 1148 4308 iuter
1176 4263 1316 4323 discipulas
1345 4274 1404 4321 pue·

276 4342 482 4403 corruptissimus
498 4354 579 4389 omues
591 4339 694 4388 Circum
708 4341 819 4389 doctores
860 4354 900 4388 ros
925 4355 1023 4404 quoque
1055 4341 1158 4402 cogitari
1191 4347 1277 4403 putat,
1316 4353 1404 4402 nempe

274 4421 373 4468 aderat.
403 4421 460 4483 Ipse
485 4427 554 4484 puter
579 4433 663 4467 euram
685 4420 754 4480 pueri
775 4433 820 4468 uec
861 4421 955 4469 aeolice.

755 4549 919 4572 *-
