<?xml version="1.0" encoding="UTF-8"?>
<!DOCTYPE html PUBLIC "-//W3C//DTD XHTML 1.0 Transitional//EN"
    "http://www.w3.org/TR/xhtml1/DTD/xhtml1-transitional.dtd">
<html xmlns="http://www.w3.org/1999/xhtml" xml:lang="en" lang="en">
 <head>
  <title>
</title>
<meta http-equiv="Content-Type" content="text/html;charset=utf-8" />
  <meta name='ocr-system' content='tesseract 3.04.00' />
  <meta name='ocr-capabilities' content='ocr_page ocr_carea ocr_par ocr_line ocrx_word'/>
</head>
<body>
  <div class='ocr_page' id='page_1' title='image "./qhoratiiflaccis01peergoog_0072.png"; bbox 0 0 3542 5634; ppageno 0'>
   <div class='ocr_carea' id='block_1_1' title="bbox 689 494 944 560">
    <p class='ocr_par' dir='ltr' id='par_1_1' title="bbox 689 494 944 560">
     <span class='ocr_line' id='line_1_1' title="bbox 689 494 944 560; baseline 0.008 -2"><span class='ocrx_word' id='word_1_1' title='bbox 689 494 872 559; x_wconf 79' lang='lat' dir='ltr'>LIBER</span> <span class='ocrx_word' id='word_1_2' title='bbox 920 495 944 560; x_wconf 94' lang='grc' dir='ltr'>Ι.</span> 
     </span>
    </p>
   </div>
   <div class='ocr_carea' id='block_1_2' title="bbox 285 679 1355 2110">
    <p class='ocr_par' dir='ltr' id='par_1_2' title="bbox 289 679 1191 868">
     <span class='ocr_line' id='line_1_2' title="bbox 289 679 1191 766; baseline 0 -22"><span class='ocrx_word' id='word_1_3' title='bbox 289 679 427 746; x_wconf 82' lang='lat' dir='ltr'>Perdere</span> <span class='ocrx_word' id='word_1_4' title='bbox 451 680 525 765; x_wconf 87' lang='lat' dir='ltr'>quis</span> <span class='ocrx_word' id='word_1_5' title='bbox 548 681 663 746; x_wconf 85' lang='lat' dir='ltr'>velit“</span> <span class='ocrx_word' id='word_1_6' title='bbox 710 682 742 746; x_wconf 87' lang='lat' dir='ltr'>A</span> <span class='ocrx_word' id='word_1_7' title='bbox 766 681 855 766; x_wconf 84' lang='lat' dir='ltr'>turpi</span> <span class='ocrx_word' id='word_1_8' title='bbox 878 679 1058 748; x_wconf 84' lang='lat' dir='ltr'>meretricis</span> <span class='ocrx_word' id='word_1_9' title='bbox 1082 701 1191 746; x_wconf 92' lang='lat' dir='ltr'>amore</span> 
     </span>
     <span class='ocr_line' id='line_1_3' title="bbox 289 782 1120 868; baseline 0.002 -21"><span class='ocrx_word' id='word_1_10' title='bbox 289 782 399 863; x_wconf 80' lang='lat' dir='ltr'>Quum</span> <span class='ocrx_word' id='word_1_11' title='bbox 422 783 615 850; x_wconf 88' lang='lat' dir='ltr'>deterreret:</span> <span class='ocrx_word' id='word_1_12' title='bbox 663 785 819 868; x_wconf 78' lang='lat' dir='ltr'>„Soetani</span> <span class='ocrx_word' id='word_1_13' title='bbox 842 784 1015 850; x_wconf 88' lang='lat' dir='ltr'>dissimilis</span> <span class='ocrx_word' id='word_1_14' title='bbox 1039 783 1120 849; x_wconf 86' lang='lat' dir='ltr'>sis.“</span> 
     </span>
    </p>

    <p class='ocr_par' dir='ltr' id='par_1_3' title="bbox 287 885 1242 1180">
     <span class='ocr_line' id='line_1_4' title="bbox 288 885 1232 972; baseline 0.003 -23"><span class='ocrx_word' id='word_1_15' title='bbox 288 885 339 950; x_wconf 86' lang='lat' dir='ltr'>Ne</span> <span class='ocrx_word' id='word_1_16' title='bbox 362 908 511 972; x_wconf 87' lang='lat' dir='ltr'>sequerer</span> <span class='ocrx_word' id='word_1_17' title='bbox 534 887 684 954; x_wconf 85' lang='lat' dir='ltr'>moechas</span> <span class='ocrx_word' id='word_1_18' title='bbox 696 936 705 971; x_wconf 84' lang='lat'>‚</span> <span class='ocrx_word' id='word_1_19' title='bbox 730 909 885 953; x_wconf 88' lang='lat' dir='ltr'>oonoessa</span> <span class='ocrx_word' id='word_1_20' title='bbox 908 909 1010 972; x_wconf 91' lang='lat' dir='ltr'>quum</span> <span class='ocrx_word' id='word_1_21' title='bbox 1033 887 1159 952; x_wconf 88' lang='lat' dir='ltr'>Venere</span> <span class='ocrx_word' id='word_1_22' title='bbox 1181 887 1232 952; x_wconf 89' lang='lat' dir='ltr'>uti</span> 
     </span>
     <span class='ocr_line' id='line_1_5' title="bbox 288 989 1242 1076; baseline -0.001 -22"><span class='ocrx_word' id='word_1_23' title='bbox 288 989 441 1055; x_wconf 81' lang='lat' dir='ltr'>Possem:</span> <span class='ocrx_word' id='word_1_24' title='bbox 466 991 652 1076; x_wconf 83' lang='lat' dir='ltr'>„Deprensi</span> <span class='ocrx_word' id='word_1_25' title='bbox 674 1012 741 1056; x_wconf 92' lang='lat' dir='ltr'>non</span> <span class='ocrx_word' id='word_1_26' title='bbox 765 991 853 1058; x_wconf 88' lang='lat' dir='ltr'>bella</span> <span class='ocrx_word' id='word_1_27' title='bbox 875 996 927 1055; x_wconf 89' lang='lat' dir='ltr'>est</span> <span class='ocrx_word' id='word_1_28' title='bbox 949 990 1038 1056; x_wconf 87' lang='lat' dir='ltr'>fama</span> <span class='ocrx_word' id='word_1_29' title='bbox 1060 989 1197 1056; x_wconf 82' lang='lat' dir='ltr'>Treboni</span> <span class='ocrx_word' id='word_1_30' title='bbox 1209 994 1242 1071; x_wconf 85' lang='lat'>,“</span> 
     </span>
     <span class='ocr_line' id='line_1_6' title="bbox 287 1091 1068 1180; baseline 0.004 -24"><span class='ocrx_word' id='word_1_31' title='bbox 287 1091 417 1158; x_wconf 84' lang='lat' dir='ltr'>Aiebat</span> <span class='ocrx_word' id='word_1_32' title='bbox 467 1095 640 1179; x_wconf 84' lang='lat' dir='ltr'>„sapiens,</span> <span class='ocrx_word' id='word_1_33' title='bbox 663 1096 771 1161; x_wconf 87' lang='lat' dir='ltr'>vitatu</span> <span class='ocrx_word' id='word_1_34' title='bbox 794 1094 937 1180; x_wconf 89' lang='lat' dir='ltr'>quidque</span> <span class='ocrx_word' id='word_1_35' title='bbox 960 1094 1068 1180; x_wconf 89' lang='lat' dir='ltr'>petitu</span> 
     </span>
    </p>

    <p class='ocr_par' dir='ltr' id='par_1_4' title="bbox 285 1193 1355 1799">
     <span class='ocr_line' id='line_1_7' title="bbox 287 1193 1204 1282; baseline 0.002 -22"><span class='ocrx_word' id='word_1_36' title='bbox 287 1193 339 1260; x_wconf 83' lang='lat' dir='ltr'>Sit</span> <span class='ocrx_word' id='word_1_37' title='bbox 361 1195 499 1280; x_wconf 85' lang='lat' dir='ltr'>melius,</span> <span class='ocrx_word' id='word_1_38' title='bbox 523 1219 638 1264; x_wconf 87' lang='lat' dir='ltr'>causas</span> <span class='ocrx_word' id='word_1_39' title='bbox 662 1199 776 1264; x_wconf 79' lang='lat' dir='ltr'>reddet</span> <span class='ocrx_word' id='word_1_40' title='bbox 798 1199 880 1264; x_wconf 84' lang='lat' dir='ltr'>tibi:</span> <span class='ocrx_word' id='word_1_41' title='bbox 905 1201 952 1264; x_wconf 80' lang='lat' dir='ltr'>rut</span> <span class='ocrx_word' id='word_1_42' title='bbox 977 1199 1057 1264; x_wconf 85' lang='lat' dir='ltr'>satis</span> <span class='ocrx_word' id='word_1_43' title='bbox 1082 1203 1150 1282; x_wconf 90' lang='lat' dir='ltr'>est,</span> <span class='ocrx_word' id='word_1_44' title='bbox 1174 1199 1204 1264; x_wconf 91' lang='lat' dir='ltr'>si</span> 
     </span>
     <span class='ocr_line' id='line_1_8' title="bbox 288 1297 1205 1388; baseline 0.008 -28"><span class='ocrx_word' id='word_1_45' title='bbox 288 1297 457 1364; x_wconf 80' lang='lat' dir='ltr'>Traditum</span> <span class='ocrx_word' id='word_1_46' title='bbox 481 1301 522 1365; x_wconf 89' lang='lat' dir='ltr'>ab</span> <span class='ocrx_word' id='word_1_47' title='bbox 545 1302 691 1388; x_wconf 89' lang='lat' dir='ltr'>antiquis</span> <span class='ocrx_word' id='word_1_48' title='bbox 714 1323 839 1367; x_wconf 87' lang='lat' dir='ltr'>morem</span> <span class='ocrx_word' id='word_1_49' title='bbox 862 1324 1010 1386; x_wconf 82' lang='lat' dir='ltr'>servaro,</span> <span class='ocrx_word' id='word_1_50' title='bbox 1035 1307 1205 1387; x_wconf 89' lang='lat' dir='ltr'>tuamque,</span> 
     </span>
     <span class='ocr_line' id='line_1_9' title="bbox 287 1399 1112 1491; baseline 0.008 -27"><span class='ocrx_word' id='word_1_51' title='bbox 287 1399 377 1466; x_wconf 93' lang='lat' dir='ltr'>Dum</span> <span class='ocrx_word' id='word_1_52' title='bbox 400 1404 545 1471; x_wconf 87' lang='lat' dir='ltr'>custodis</span> <span class='ocrx_word' id='word_1_53' title='bbox 569 1427 666 1491; x_wconf 82' lang='lat' dir='ltr'>eges,</span> <span class='ocrx_word' id='word_1_54' title='bbox 689 1405 794 1480; x_wconf 85' lang='lat' dir='ltr'>vitam</span> <span class='ocrx_word' id='word_1_55' title='bbox 818 1409 1004 1491; x_wconf 69' lang='lat' dir='ltr'>famamque</span> <span class='ocrx_word' id='word_1_56' title='bbox 1026 1406 1112 1471; x_wconf 86' lang='lat' dir='ltr'>tueri</span> 
     </span>
     <span class='ocr_line' id='line_1_10' title="bbox 286 1503 1172 1592; baseline 0.007 -24"><span class='ocrx_word' id='word_1_57' title='bbox 286 1503 489 1572; x_wconf 82' lang='lat' dir='ltr'>Incolumem</span> <span class='ocrx_word' id='word_1_58' title='bbox 512 1529 656 1592; x_wconf 84' lang='lat' dir='ltr'>possum.</span> <span class='ocrx_word' id='word_1_59' title='bbox 706 1509 812 1575; x_wconf 81' lang='lat' dir='ltr'>Simul</span> <span class='ocrx_word' id='word_1_60' title='bbox 835 1531 872 1575; x_wconf 88' lang='lat' dir='ltr'>aa</span> <span class='ocrx_word' id='word_1_61' title='bbox 896 1509 1061 1574; x_wconf 79' lang='lat' dir='ltr'>duraverit</span> <span class='ocrx_word' id='word_1_62' title='bbox 1083 1513 1172 1574; x_wconf 87' lang='lat' dir='ltr'>aetas</span> 
     </span>
     <span class='ocr_line' id='line_1_11' title="bbox 285 1607 1355 1699; baseline 0.007 -28"><span class='ocrx_word' id='word_1_63' title='bbox 285 1607 434 1674; x_wconf 87' lang='lat' dir='ltr'>Membra</span> <span class='ocrx_word' id='word_1_64' title='bbox 452 1611 664 1699; x_wconf 89' lang='lat' dir='ltr'>animumque</span> <span class='ocrx_word' id='word_1_65' title='bbox 681 1619 786 1696; x_wconf 85' lang='lat' dir='ltr'>tuum,</span> <span class='ocrx_word' id='word_1_66' title='bbox 810 1613 905 1679; x_wconf 88' lang='lat' dir='ltr'>nabis</span> <span class='ocrx_word' id='word_1_67' title='bbox 930 1613 1001 1678; x_wconf 87' lang='lat' dir='ltr'>sine</span> <span class='ocrx_word' id='word_1_68' title='bbox 1023 1613 1176 1679; x_wconf 85' lang='lat' dir='ltr'>oortioo.“</span> <span class='ocrx_word' id='word_1_69' title='bbox 1225 1611 1279 1680; x_wconf 78' lang='lat' dir='ltr'>Sia</span> <span class='ocrx_word' id='word_1_70' title='bbox 1302 1635 1355 1678; x_wconf 87' lang='lat' dir='ltr'>me</span> 
     </span>
     <span class='ocr_line' id='line_1_12' title="bbox 286 1710 1083 1799; baseline 0.01 -26"><span class='ocrx_word' id='word_1_71' title='bbox 286 1710 464 1778; x_wconf 83' lang='lat' dir='ltr'>Formabat</span> <span class='ocrx_word' id='word_1_72' title='bbox 486 1736 624 1799; x_wconf 90' lang='lat' dir='ltr'>puerum</span> <span class='ocrx_word' id='word_1_73' title='bbox 646 1716 761 1782; x_wconf 87' lang='lat' dir='ltr'>dietis:</span> <span class='ocrx_word' id='word_1_74' title='bbox 785 1722 819 1782; x_wconf 88' lang='lat' dir='ltr'>et</span> <span class='ocrx_word' id='word_1_75' title='bbox 842 1717 912 1782; x_wconf 89' lang='lat' dir='ltr'>sive</span> <span class='ocrx_word' id='word_1_76' title='bbox 934 1716 1083 1799; x_wconf 85' lang='lat' dir='ltr'>iubebat,</span> 
     </span>
    </p>

    <p class='ocr_par' dir='ltr' id='par_1_5' title="bbox 286 1813 1306 2001">
     <span class='ocr_line' id='line_1_13' title="bbox 288 1813 1306 1905; baseline 0.007 -28"><span class='ocrx_word' id='word_1_77' title='bbox 288 1813 338 1878; x_wconf 89' lang='lat' dir='ltr'>Ut</span> <span class='ocrx_word' id='word_1_78' title='bbox 359 1813 499 1881; x_wconf 84' lang='lat' dir='ltr'>facerem</span> <span class='ocrx_word' id='word_1_79' title='bbox 523 1819 616 1904; x_wconf 91' lang='lat' dir='ltr'>quid:</span> <span class='ocrx_word' id='word_1_80' title='bbox 642 1820 778 1902; x_wconf 86' lang='lat' dir='ltr'>„Habes</span> <span class='ocrx_word' id='word_1_81' title='bbox 802 1826 984 1902; x_wconf 84' lang='lat' dir='ltr'>auctorem,</span> <span class='ocrx_word' id='word_1_82' title='bbox 1010 1840 1074 1905; x_wconf 87' lang='lat' dir='ltr'>quo</span> <span class='ocrx_word' id='word_1_83' title='bbox 1096 1819 1198 1885; x_wconf 87' lang='lat' dir='ltr'>facias</span> <span class='ocrx_word' id='word_1_84' title='bbox 1220 1820 1306 1884; x_wconf 84' lang='lat' dir='ltr'>hoe“</span> 
     </span>
     <span class='ocr_line' id='line_1_14' title="bbox 286 1918 1020 2001; baseline 0.01 -19"><span class='ocrx_word' id='word_1_85' title='bbox 286 1918 401 1984; x_wconf 90' lang='lat' dir='ltr'>Unum</span> <span class='ocrx_word' id='word_1_86' title='bbox 424 1942 465 1985; x_wconf 86' lang='lat' dir='ltr'>ex</span> <span class='ocrx_word' id='word_1_87' title='bbox 486 1921 650 1990; x_wconf 82' lang='lat' dir='ltr'>iudicibus</span> <span class='ocrx_word' id='word_1_88' title='bbox 673 1924 804 1990; x_wconf 85' lang='lat' dir='ltr'>selectis</span> <span class='ocrx_word' id='word_1_89' title='bbox 827 1923 1020 2001; x_wconf 82' lang='lat' dir='ltr'>obiiciebat3</span> 
     </span>
    </p>

    <p class='ocr_par' dir='ltr' id='par_1_6' title="bbox 286 2021 1259 2110">
     <span class='ocr_line' id='line_1_15' title="bbox 286 2021 1259 2110; baseline 0.005 -23"><span class='ocrx_word' id='word_1_90' title='bbox 286 2021 362 2087; x_wconf 81' lang='lat' dir='ltr'>Sive</span> <span class='ocrx_word' id='word_1_91' title='bbox 383 2025 535 2091; x_wconf 85' lang='lat' dir='ltr'>vetabat:</span> <span class='ocrx_word' id='word_1_92' title='bbox 561 2050 626 2110; x_wconf 85' lang='lat' dir='ltr'>„an</span> <span class='ocrx_word' id='word_1_93' title='bbox 649 2030 710 2093; x_wconf 90' lang='lat' dir='ltr'>hoo</span> <span class='ocrx_word' id='word_1_94' title='bbox 734 2028 947 2092; x_wconf 90' lang='lat' dir='ltr'>inhonestum</span> <span class='ocrx_word' id='word_1_95' title='bbox 971 2033 1005 2093; x_wconf 88' lang='lat' dir='ltr'>et</span> <span class='ocrx_word' id='word_1_96' title='bbox 1028 2027 1146 2092; x_wconf 88' lang='lat' dir='ltr'>inutile</span> <span class='ocrx_word' id='word_1_97' title='bbox 1168 2026 1259 2092; x_wconf 79' lang='lat' dir='ltr'>factu</span> 
     </span>
    </p>
   </div>
   <div class='ocr_carea' id='block_1_3' title="bbox 174 2191 1379 4548">
    <p class='ocr_par' dir='ltr' id='par_1_7' title="bbox 235 2191 1379 3519">
     <span class='ocr_line' id='line_1_16' title="bbox 239 2191 1377 2257; baseline 0.002 -18"><span class='ocrx_word' id='word_1_98' title='bbox 239 2191 302 2240; x_wconf 88' lang='lat' dir='ltr'>leius</span> <span class='ocrx_word' id='word_1_99' title='bbox 318 2193 510 2257; x_wconf 82' lang='lat' dir='ltr'>disputationem</span> <span class='ocrx_word' id='word_1_100' title='bbox 527 2195 563 2242; x_wconf 89' lang='lat' dir='ltr'>sie</span> <span class='ocrx_word' id='word_1_101' title='bbox 579 2192 647 2249; x_wconf 84' lang='lat' dir='ltr'>finit,</span> <span class='ocrx_word' id='word_1_102' title='bbox 663 2202 691 2242; x_wconf 87' lang='lat' dir='ltr'>ut</span> <span class='ocrx_word' id='word_1_103' title='bbox 707 2201 786 2242; x_wconf 86' lang='lat' dir='ltr'>osten·</span> <span class='ocrx_word' id='word_1_104' title='bbox 826 2198 947 2248; x_wconf 85' lang='lat' dir='ltr'>censetur,</span> <span class='ocrx_word' id='word_1_105' title='bbox 964 2207 980 2239; x_wconf 89' lang='lat' dir='ltr'>a</span> <span class='ocrx_word' id='word_1_106' title='bbox 996 2191 1084 2255; x_wconf 92' lang='lat' dir='ltr'>quibus</span> <span class='ocrx_word' id='word_1_107' title='bbox 1102 2198 1172 2254; x_wconf 85' lang='lat' dir='ltr'>pater</span> <span class='ocrx_word' id='word_1_108' title='bbox 1194 2191 1275 2240; x_wconf 87' lang='lat' dir='ltr'>filium</span> <span class='ocrx_word' id='word_1_109' title='bbox 1292 2192 1377 2255; x_wconf 88' lang='lat' dir='ltr'>positis</span> 
     </span>
     <span class='ocr_line' id='line_1_17' title="bbox 238 2270 1376 2334; baseline 0.001 -15"><span class='ocrx_word' id='word_1_110' title='bbox 238 2271 282 2320; x_wconf 82' lang='lat' dir='ltr'>dat</span> <span class='ocrx_word' id='word_1_111' title='bbox 298 2272 387 2320; x_wconf 88' lang='lat' dir='ltr'>miram</span> <span class='ocrx_word' id='word_1_112' title='bbox 404 2273 482 2324; x_wconf 87' lang='lat' dir='ltr'><strong>MSS.</strong></span> <span class='ocrx_word' id='word_1_113' title='bbox 500 2273 659 2332; x_wconf 77' lang='lat' dir='ltr'>discordiam,</span> <span class='ocrx_word' id='word_1_114' title='bbox 672 2275 785 2332; x_wconf 80' lang='lat' dir='ltr'>Barrus,</span> <span class='ocrx_word' id='word_1_115' title='bbox 826 2281 884 2319; x_wconf 86' lang='lat' dir='ltr'>ante</span> <span class='ocrx_word' id='word_1_116' title='bbox 901 2270 985 2320; x_wconf 85' lang='lat' dir='ltr'>oeulos</span> <span class='ocrx_word' id='word_1_117' title='bbox 1002 2271 1123 2333; x_wconf 88' lang='lat' dir='ltr'>exemplis</span> <span class='ocrx_word' id='word_1_118' title='bbox 1140 2271 1253 2320; x_wconf 84' lang='lat' dir='ltr'>deterret.</span> <span class='ocrx_word' id='word_1_119' title='bbox 1279 2271 1376 2334; x_wconf 85' lang='lat' dir='ltr'>Legen-</span> 
     </span>
     <span class='ocr_line' id='line_1_18' title="bbox 239 2350 1379 2414; baseline 0.001 -17"><span class='ocrx_word' id='word_1_120' title='bbox 239 2350 786 2414; x_wconf 71' lang='lat' dir='ltr'>Bam,12araa,12ariua‚o⁷araa,aasa,</span> <span class='ocrx_word' id='word_1_121' title='bbox 825 2350 886 2398; x_wconf 89' lang='lat' dir='ltr'>dum</span> <span class='ocrx_word' id='word_1_122' title='bbox 902 2357 976 2414; x_wconf 82' lang='lat' dir='ltr'>puto:</span> <span class='ocrx_word' id='word_1_123' title='bbox 996 2353 1098 2413; x_wconf 78' lang='lat' dir='ltr'>rapiens</span> <span class='ocrx_word' id='word_1_124' title='bbox 1114 2353 1249 2400; x_wconf 78' lang='lat' dir='ltr'>vitandam</span> <span class='ocrx_word' id='word_1_125' title='bbox 1270 2353 1379 2414; x_wconf 71' lang='lat' dir='ltr'>quidque</span> 
     </span>
     <span class='ocr_line' id='line_1_19' title="bbox 238 2429 1378 2494; baseline 0.003 -17"><span class='ocrx_word' id='word_1_126' title='bbox 238 2429 341 2492; x_wconf 86' lang='lat' dir='ltr'>quibus,</span> <span class='ocrx_word' id='word_1_127' title='bbox 356 2438 412 2494; x_wconf 85' lang='lat' dir='ltr'>post</span> <span class='ocrx_word' id='word_1_128' title='bbox 426 2432 584 2491; x_wconf 85' lang='lat' dir='ltr'>Bentleium,</span> <span class='ocrx_word' id='word_1_129' title='bbox 602 2432 666 2482; x_wconf 88' lang='lat' dir='ltr'>aliae</span> <span class='ocrx_word' id='word_1_130' title='bbox 680 2433 785 2480; x_wconf 82' lang='lat' dir='ltr'>varieta-</span> <span class='ocrx_word' id='word_1_131' title='bbox 824 2433 960 2494; x_wconf 78' lang='lat' dir='ltr'>petendum</span> <span class='ocrx_word' id='word_1_132' title='bbox 985 2431 1041 2490; x_wconf 78' lang='lat' dir='ltr'>sa,</span> <span class='ocrx_word' id='word_1_133' title='bbox 1062 2432 1152 2479; x_wconf 77' lang='lat' dir='ltr'>melias</span> <span class='ocrx_word' id='word_1_134' title='bbox 1168 2445 1272 2480; x_wconf 83' lang='lat' dir='ltr'>auusaar</span> <span class='ocrx_word' id='word_1_135' title='bbox 1290 2433 1378 2480; x_wconf 78' lang='lat' dir='ltr'>reddet</span> 
     </span>
     <span class='ocr_line' id='line_1_20' title="bbox 238 2508 1377 2571; baseline -0.001 -14"><span class='ocrx_word' id='word_1_136' title='bbox 238 2515 275 2557; x_wconf 88' lang='lat' dir='ltr'>tes</span> <span class='ocrx_word' id='word_1_137' title='bbox 297 2519 459 2564; x_wconf 73' lang='lat' dir='ltr'>emerserunt.</span> <span class='ocrx_word' id='word_1_138' title='bbox 491 2514 531 2562; x_wconf 80' lang='lat' dir='ltr'>Ea</span> <span class='ocrx_word' id='word_1_139' title='bbox 558 2528 597 2562; x_wconf 91' lang='lat' dir='ltr'>res</span> <span class='ocrx_word' id='word_1_140' title='bbox 620 2514 682 2562; x_wconf 90' lang='lat' dir='ltr'>mihi</span> <span class='ocrx_word' id='word_1_141' title='bbox 705 2512 785 2562; x_wconf 85' lang='lat' dir='ltr'>faeere</span> <span class='ocrx_word' id='word_1_142' title='bbox 826 2509 880 2556; x_wconf 75' lang='lat' dir='ltr'>titi.</span> <span class='ocrx_word' id='word_1_143' title='bbox 906 2509 963 2570; x_wconf 85' lang='lat' dir='ltr'>Ego</span> <span class='ocrx_word' id='word_1_144' title='bbox 979 2508 1039 2558; x_wconf 86' lang='lat' dir='ltr'>satis</span> <span class='ocrx_word' id='word_1_145' title='bbox 1056 2508 1135 2556; x_wconf 82' lang='lat' dir='ltr'>habeo</span> <span class='ocrx_word' id='word_1_146' title='bbox 1151 2515 1237 2557; x_wconf 86' lang='lat' dir='ltr'>notare</span> <span class='ocrx_word' id='word_1_147' title='bbox 1254 2508 1377 2571; x_wconf 83' lang='lat' dir='ltr'>exempla,</span> 
     </span>
     <span class='ocr_line' id='line_1_21' title="bbox 238 2586 1378 2656; baseline 0.002 -22"><span class='ocrx_word' id='word_1_148' title='bbox 238 2588 338 2637; x_wconf 81' lang='lat' dir='ltr'>ridetur</span> <span class='ocrx_word' id='word_1_149' title='bbox 353 2606 398 2654; x_wconf 83' lang='lat' dir='ltr'>pro</span> <span class='ocrx_word' id='word_1_150' title='bbox 414 2593 513 2641; x_wconf 69' lang='lat' dir='ltr'>nomine</span> <span class='ocrx_word' id='word_1_151' title='bbox 533 2593 645 2656; x_wconf 79' lang='lat' dir='ltr'>proprio,</span> <span class='ocrx_word' id='word_1_152' title='bbox 666 2594 693 2640; x_wconf 78' lang='lat' dir='ltr'>in</span> <span class='ocrx_word' id='word_1_153' title='bbox 714 2593 784 2641; x_wconf 72' lang='lat' dir='ltr'>cuius</span> <span class='ocrx_word' id='word_1_154' title='bbox 825 2587 892 2634; x_wconf 91' lang='lat' dir='ltr'>unde</span> <span class='ocrx_word' id='word_1_155' title='bbox 909 2586 1016 2643; x_wconf 84' lang='lat' dir='ltr'>videbis,</span> <span class='ocrx_word' id='word_1_156' title='bbox 1033 2587 1094 2649; x_wconf 91' lang='lat' dir='ltr'>quid</span> <span class='ocrx_word' id='word_1_157' title='bbox 1105 2586 1201 2643; x_wconf 84' lang='lat' dir='ltr'>vitare,</span> <span class='ocrx_word' id='word_1_158' title='bbox 1218 2586 1278 2650; x_wconf 87' lang='lat' dir='ltr'>quid</span> <span class='ocrx_word' id='word_1_159' title='bbox 1294 2594 1378 2650; x_wconf 84' lang='lat' dir='ltr'>petere</span> 
     </span>
     <span class='ocr_line' id='line_1_22' title="bbox 238 2665 1375 2735; baseline 0.003 -20"><span class='ocrx_word' id='word_1_160' title='bbox 238 2669 372 2730; x_wconf 81' lang='lat' dir='ltr'>scriptura,</span> <span class='ocrx_word' id='word_1_161' title='bbox 382 2669 435 2719; x_wconf 78' lang='lat' dir='ltr'>fior-i</span> <span class='ocrx_word' id='word_1_162' title='bbox 444 2670 717 2735; x_wconf 84' lang='lat' dir='ltr'>praesertim‚Codiees</span> <span class='ocrx_word' id='word_1_163' title='bbox 727 2687 785 2722; x_wconf 87' lang='lat' dir='ltr'>raro</span> <span class='ocrx_word' id='word_1_164' title='bbox 825 2666 922 2715; x_wconf 84' lang='lat' dir='ltr'>debeas.</span> <span class='ocrx_word' id='word_1_165' title='bbox 955 2667 996 2715; x_wconf 84' lang='lat' dir='ltr'>Itu</span> <span class='ocrx_word' id='word_1_166' title='bbox 1020 2665 1095 2717; x_wconf 84' lang='lat' dir='ltr'>Satir.</span> <span class='ocrx_word' id='word_1_167' title='bbox 1120 2667 1142 2714; x_wconf 94' lang='lat' dir='ltr'>I.</span> <span class='ocrx_word' id='word_1_168' title='bbox 1169 2681 1197 2715; x_wconf 90' lang='lat' dir='ltr'>rr.</span> <span class='ocrx_word' id='word_1_169' title='bbox 1222 2668 1263 2718; x_wconf 74' lang='lat'>74.</span> <span class='ocrx_word' id='word_1_170' title='bbox 1298 2668 1329 2716; x_wconf 75' lang='lat' dir='ltr'>St</span> <span class='ocrx_word' id='word_1_171' title='bbox 1346 2675 1375 2717; x_wconf 79' lang='lat' dir='ltr'>tu</span> 
     </span>
     <span class='ocr_line' id='line_1_23' title="bbox 237 2746 1376 2815; baseline 0.007 -20"><span class='ocrx_word' id='word_1_172' title='bbox 237 2748 401 2798; x_wconf 75' lang='lat' dir='ltr'>uomentium.</span> <span class='ocrx_word' id='word_1_173' title='bbox 435 2751 470 2798; x_wconf 77' lang='lat' dir='ltr'>ur</span> <span class='ocrx_word' id='word_1_174' title='bbox 485 2751 591 2799; x_wconf 78' lang='lat' dir='ltr'>mirarer</span> <span class='ocrx_word' id='word_1_175' title='bbox 610 2751 632 2799; x_wconf 77' lang='lat' dir='ltr'>ri</span> <span class='ocrx_word' id='word_1_176' title='bbox 647 2766 693 2815; x_wconf 85' lang='lat' dir='ltr'>pro</span> <span class='ocrx_word' id='word_1_177' title='bbox 708 2752 784 2800; x_wconf 81' lang='lat' dir='ltr'>notis-</span> <span class='ocrx_word' id='word_1_178' title='bbox 825 2747 895 2794; x_wconf 80' lang='lat' dir='ltr'>modo</span> <span class='ocrx_word' id='word_1_179' title='bbox 920 2751 988 2795; x_wconf 78' lang='lat' dir='ltr'>reae</span> <span class='ocrx_word' id='word_1_180' title='bbox 1004 2746 1163 2807; x_wconf 75' lang='lat' dir='ltr'>Dopemara</span> <span class='ocrx_word' id='word_1_181' title='bbox 1179 2746 1255 2803; x_wconf 75' lang='lat' dir='ltr'>sela,</span> <span class='ocrx_word' id='word_1_182' title='bbox 1279 2761 1310 2794; x_wconf 76' lang='lat' dir='ltr'>ac</span> <span class='ocrx_word' id='word_1_183' title='bbox 1325 2761 1376 2796; x_wconf 79' lang='lat' dir='ltr'>oon</span> 
     </span>
     <span class='ocr_line' id='line_1_24' title="bbox 237 2823 1376 2893; baseline -0.005 -13"><span class='ocrx_word' id='word_1_184' title='bbox 237 2827 307 2876; x_wconf 66' lang='lat' dir='ltr'>simis</span> <span class='ocrx_word' id='word_1_185' title='bbox 324 2830 406 2878; x_wconf 85' lang='lat' dir='ltr'>verbis</span> <span class='ocrx_word' id='word_1_186' title='bbox 420 2845 488 2891; x_wconf 79' lang='lat' dir='ltr'>pona</span> <span class='ocrx_word' id='word_1_187' title='bbox 503 2829 545 2878; x_wconf 86' lang='lat' dir='ltr'>vel</span> <span class='ocrx_word' id='word_1_188' title='bbox 560 2829 639 2893; x_wconf 80' lang='lat' dir='ltr'>sarrs</span> <span class='ocrx_word' id='word_1_189' title='bbox 655 2831 784 2893; x_wconf 86' lang='lat' dir='ltr'>proprium</span> <span class='ocrx_word' id='word_1_190' title='bbox 818 2823 945 2886; x_wconf 63' lang='lat' dir='ltr'>furiendo</span> <span class='ocrx_word' id='word_1_191' title='bbox 960 2826 1075 2888; x_wconf 76' lang='lat' dir='ltr'>petendu</span> <span class='ocrx_word' id='word_1_192' title='bbox 1096 2826 1248 2874; x_wconf 79' lang='lat' dir='ltr'>Immireere.</span> <span class='ocrx_word' id='word_1_193' title='bbox 1273 2825 1376 2874; x_wconf 87' lang='lat' dir='ltr'>Persius</span> 
     </span>
     <span class='ocr_line' id='line_1_25' title="bbox 238 2901 1375 2971; baseline -0.004 -19"><span class='ocrx_word' id='word_1_194' title='bbox 238 2919 329 2955; x_wconf 87' lang='lat' dir='ltr'>nomen</span> <span class='ocrx_word' id='word_1_195' title='bbox 344 2907 372 2956; x_wconf 90' lang='lat' dir='ltr'>in</span> <span class='ocrx_word' id='word_1_196' title='bbox 386 2915 424 2956; x_wconf 86' lang='lat' dir='ltr'>tot</span> <span class='ocrx_word' id='word_1_197' title='bbox 434 2908 513 2958; x_wconf 85' lang='lat' dir='ltr'>MSS.</span> <span class='ocrx_word' id='word_1_198' title='bbox 530 2908 661 2971; x_wconf 83' lang='lat' dir='ltr'>legeretur,</span> <span class='ocrx_word' id='word_1_199' title='bbox 670 2909 720 2957; x_wconf 87' lang='lat' dir='ltr'>nisi</span> <span class='ocrx_word' id='word_1_200' title='bbox 731 2911 783 2958; x_wconf 81' lang='lat' dir='ltr'>Ho</span> <span class='ocrx_word' id='word_1_201' title='bbox 826 2901 901 2952; x_wconf 75' lang='lat' dir='ltr'>satir.</span> <span class='ocrx_word' id='word_1_202' title='bbox 919 2901 954 2951; x_wconf 88' lang='lat' dir='ltr'>V.</span> <span class='ocrx_word' id='word_1_203' title='bbox 973 2902 1027 2951; x_wconf 77' lang='lat' dir='ltr'>los.</span> <span class='ocrx_word' id='word_1_204' title='bbox 1059 2904 1179 2965; x_wconf 82' lang='lat' dir='ltr'>Quaeque</span> <span class='ocrx_word' id='word_1_205' title='bbox 1194 2905 1320 2966; x_wconf 74' lang='lat' dir='ltr'>sequenda</span> <span class='ocrx_word' id='word_1_206' title='bbox 1331 2905 1375 2966; x_wconf 85' lang='lat' dir='ltr'>so-</span> 
     </span>
     <span class='ocr_line' id='line_1_26' title="bbox 237 2983 1375 3050; baseline 0.004 -17"><span class='ocrx_word' id='word_1_207' title='bbox 237 2986 316 3035; x_wconf 83' lang='lat' dir='ltr'>ratius</span> <span class='ocrx_word' id='word_1_208' title='bbox 333 2987 433 3050; x_wconf 84' lang='lat' dir='ltr'>aliquod</span> <span class='ocrx_word' id='word_1_209' title='bbox 449 2988 579 3049; x_wconf 85' lang='lat' dir='ltr'>posuisset.</span> <span class='ocrx_word' id='word_1_210' title='bbox 612 2987 689 3035; x_wconf 86' lang='lat' dir='ltr'>Pater</span> <span class='ocrx_word' id='word_1_211' title='bbox 705 2989 729 3036; x_wconf 89' lang='lat' dir='ltr'>ei</span> <span class='ocrx_word' id='word_1_212' title='bbox 745 3003 782 3036; x_wconf 93' lang='lat' dir='ltr'>os-</span> <span class='ocrx_word' id='word_1_213' title='bbox 825 2983 1157 3044; x_wconf 63' lang='lat' dir='ltr'>rffll‚quss2&lt;1¹⁴eevitssmlss</span> <span class='ocrx_word' id='word_1_214' title='bbox 1177 2983 1295 3038; x_wconf 71' lang='lat' dir='ltr'>vairam,</span> <span class='ocrx_word' id='word_1_215' title='bbox 1320 2983 1375 3030; x_wconf 74' lang='lat' dir='ltr'>Illa</span> 
     </span>
     <span class='ocr_line' id='line_1_27' title="bbox 237 3058 1373 3121; baseline 0.002 -9"><span class='ocrx_word' id='word_1_216' title='bbox 237 3065 318 3113; x_wconf 78' lang='lat' dir='ltr'>tandit</span> <span class='ocrx_word' id='word_1_217' title='bbox 336 3065 419 3114; x_wconf 81' lang='lat' dir='ltr'>filium</span> <span class='ocrx_word' id='word_1_218' title='bbox 440 3065 526 3121; x_wconf 78' lang='lat' dir='ltr'>albii,</span> <span class='ocrx_word' id='word_1_219' title='bbox 550 3065 617 3113; x_wconf 78' lang='lat' dir='ltr'>mala</span> <span class='ocrx_word' id='word_1_220' title='bbox 641 3066 783 3121; x_wconf 77' lang='lat' dir='ltr'>viventem,</span> <span class='ocrx_word' id='word_1_221' title='bbox 823 3058 899 3117; x_wconf 65' lang='lat' dir='ltr'>praua</span> <span class='ocrx_word' id='word_1_222' title='bbox 914 3063 997 3116; x_wconf 76' lang='lat' dir='ltr'>creta,</span> <span class='ocrx_word' id='word_1_223' title='bbox 1019 3073 1076 3106; x_wconf 69' lang='lat' dir='ltr'>moa</span> <span class='ocrx_word' id='word_1_224' title='bbox 1092 3061 1153 3106; x_wconf 68' lang='lat' dir='ltr'>aare</span> <span class='ocrx_word' id='word_1_225' title='bbox 1169 3060 1274 3107; x_wconf 74' lang='lat' dir='ltr'>carbone</span> <span class='ocrx_word' id='word_1_226' title='bbox 1290 3065 1373 3108; x_wconf 74' lang='lat' dir='ltr'>notar·</span> 
     </span>
     <span class='ocr_line' id='line_1_28' title="bbox 235 3134 1375 3200; baseline 0.004 -10"><span class='ocrx_word' id='word_1_227' title='bbox 235 3143 346 3200; x_wconf 69' lang='lat' dir='ltr'>osteudit,</span> <span class='ocrx_word' id='word_1_228' title='bbox 365 3141 469 3191; x_wconf 86' lang='lat' dir='ltr'>fortasse</span> <span class='ocrx_word' id='word_1_229' title='bbox 490 3150 515 3191; x_wconf 81' lang='lat' dir='ltr'>et</span> <span class='ocrx_word' id='word_1_230' title='bbox 536 3142 615 3191; x_wconf 87' lang='lat' dir='ltr'>alium</span> <span class='ocrx_word' id='word_1_231' title='bbox 631 3142 713 3191; x_wconf 88' lang='lat' dir='ltr'>filium</span> <span class='ocrx_word' id='word_1_232' title='bbox 732 3141 783 3190; x_wconf 88' lang='lat' dir='ltr'>ino·</span> <span class='ocrx_word' id='word_1_233' title='bbox 826 3134 868 3182; x_wconf 66' lang='lat'>⁶²⁴?</span> <span class='ocrx_word' id='word_1_234' title='bbox 893 3134 1001 3184; x_wconf 59' lang='lat' dir='ltr'>caussas</span> <span class='ocrx_word' id='word_1_235' title='bbox 1026 3143 1051 3183; x_wconf 65' lang='lat' dir='ltr'>ei</span> <span class='ocrx_word' id='word_1_236' title='bbox 1073 3143 1234 3196; x_wconf 58' lang='lat' dir='ltr'>“rgumessffl,</span> <span class='ocrx_word' id='word_1_237' title='bbox 1259 3151 1304 3184; x_wconf 72' lang='lat' dir='ltr'>cur</span> <span class='ocrx_word' id='word_1_238' title='bbox 1329 3137 1375 3186; x_wconf 90' lang='lat' dir='ltr'>hoo</span> 
     </span>
     <span class='ocr_line' id='line_1_29' title="bbox 235 3213 1374 3283; baseline 0 -19"><span class='ocrx_word' id='word_1_239' title='bbox 235 3233 302 3283; x_wconf 83' lang='lat' dir='ltr'>pem,</span> <span class='ocrx_word' id='word_1_240' title='bbox 319 3219 400 3282; x_wconf 83' lang='lat' dir='ltr'>qualis</span> <span class='ocrx_word' id='word_1_241' title='bbox 416 3226 470 3269; x_wconf 79' lang='lat' dir='ltr'>arar</span> <span class='ocrx_word' id='word_1_242' title='bbox 480 3236 534 3270; x_wconf 70' lang='lat' dir='ltr'>m,</span> <span class='ocrx_word' id='word_1_243' title='bbox 552 3222 720 3282; x_wconf 68' lang='lat' dir='ltr'>Bariiinopa.</span> <span class='ocrx_word' id='word_1_244' title='bbox 737 3221 785 3269; x_wconf 73' lang='lat' dir='ltr'>Est</span> <span class='ocrx_word' id='word_1_245' title='bbox 824 3220 919 3275; x_wconf 81' lang='lat' dir='ltr'>petere,</span> <span class='ocrx_word' id='word_1_246' title='bbox 936 3213 1001 3262; x_wconf 88' lang='lat' dir='ltr'>illud</span> <span class='ocrx_word' id='word_1_247' title='bbox 1018 3215 1097 3263; x_wconf 84' lang='lat' dir='ltr'>vitare</span> <span class='ocrx_word' id='word_1_248' title='bbox 1113 3215 1210 3273; x_wconf 85' lang='lat' dir='ltr'>debeas,</span> <span class='ocrx_word' id='word_1_249' title='bbox 1226 3215 1316 3265; x_wconf 87' lang='lat' dir='ltr'>melius</span> <span class='ocrx_word' id='word_1_250' title='bbox 1330 3217 1374 3265; x_wconf 87' lang='lat' dir='ltr'>tibi</span> 
     </span>
     <span class='ocr_line' id='line_1_30' title="bbox 236 3293 1373 3362; baseline -0.004 -14"><span class='ocrx_word' id='word_1_251' title='bbox 236 3299 354 3362; x_wconf 86' lang='lat' dir='ltr'>oppidum</span> <span class='ocrx_word' id='word_1_252' title='bbox 371 3301 462 3349; x_wconf 77' lang='lat' dir='ltr'>Barna</span> <span class='ocrx_word' id='word_1_253' title='bbox 483 3299 557 3350; x_wconf 85' lang='lat' dir='ltr'>Satir.</span> <span class='ocrx_word' id='word_1_254' title='bbox 575 3301 596 3349; x_wconf 92' lang='lat' dir='ltr'>I.</span> <span class='ocrx_word' id='word_1_255' title='bbox 613 3313 640 3348; x_wconf 83' lang='lat' dir='ltr'>r.</span> <span class='ocrx_word' id='word_1_256' title='bbox 657 3299 698 3350; x_wconf 79' lang='grc'>97.</span> <span class='ocrx_word' id='word_1_257' title='bbox 715 3299 783 3348; x_wconf 81' lang='lat' dir='ltr'>Hine</span> <span class='ocrx_word' id='word_1_258' title='bbox 823 3296 935 3343; x_wconf 82' lang='lat' dir='ltr'>ostendat</span> <span class='ocrx_word' id='word_1_259' title='bbox 952 3293 1165 3357; x_wconf 83' lang='lat' dir='ltr'>sapiensaliquis‚</span> <span class='ocrx_word' id='word_1_260' title='bbox 1177 3295 1247 3344; x_wconf 85' lang='lat' dir='ltr'>ouius</span> <span class='ocrx_word' id='word_1_261' title='bbox 1259 3294 1373 3359; x_wconf 85' lang='lat' dir='ltr'>hocpro-</span> 
     </span>
     <span class='ocr_line' id='line_1_31' title="bbox 237 3374 1372 3443; baseline -0.002 -16"><span class='ocrx_word' id='word_1_262' title='bbox 237 3393 339 3439; x_wconf 83' lang='lat' dir='ltr'>nomen,</span> <span class='ocrx_word' id='word_1_263' title='bbox 363 3381 387 3430; x_wconf 89' lang='lat' dir='ltr'>si</span> <span class='ocrx_word' id='word_1_264' title='bbox 402 3395 452 3430; x_wconf 91' lang='lat' dir='ltr'>uon</span> <span class='ocrx_word' id='word_1_265' title='bbox 473 3388 582 3439; x_wconf 82' lang='lat' dir='ltr'>extaret,</span> <span class='ocrx_word' id='word_1_266' title='bbox 608 3381 716 3429; x_wconf 85' lang='lat' dir='ltr'>formare</span> <span class='ocrx_word' id='word_1_267' title='bbox 740 3394 772 3443; x_wconf 89' lang='lat' dir='ltr'>po</span> <span class='ocrx_word' id='word_1_268' title='bbox 822 3375 905 3438; x_wconf 86' lang='lat' dir='ltr'>prium</span> <span class='ocrx_word' id='word_1_269' title='bbox 930 3390 1021 3424; x_wconf 85' lang='lat' dir='ltr'>munus</span> <span class='ocrx_word' id='word_1_270' title='bbox 1047 3382 1092 3424; x_wconf 87' lang='lat' dir='ltr'>est.</span> <span class='ocrx_word' id='word_1_271' title='bbox 1125 3375 1213 3424; x_wconf 79' lang='lat' dir='ltr'>Horat</span> <span class='ocrx_word' id='word_1_272' title='bbox 1238 3374 1313 3426; x_wconf 78' lang='lat' dir='ltr'>Satis.</span> <span class='ocrx_word' id='word_1_273' title='bbox 1335 3375 1372 3425; x_wconf 89' lang='lat'>11.</span> 
     </span>
     <span class='ocr_line' id='line_1_32' title="bbox 237 3455 1375 3519; baseline -0.002 -13"><span class='ocrx_word' id='word_1_274' title='bbox 237 3457 292 3507; x_wconf 81' lang='lat' dir='ltr'>tuit.</span> <span class='ocrx_word' id='word_1_275' title='bbox 823 3467 882 3504; x_wconf 84' lang='lat' dir='ltr'>v111.</span> <span class='ocrx_word' id='word_1_276' title='bbox 900 3456 940 3504; x_wconf 82' lang='lat'>32.</span> <span class='ocrx_word' id='word_1_277' title='bbox 965 3458 1029 3519; x_wconf 80' lang='lat' dir='ltr'>quid</span> <span class='ocrx_word' id='word_1_278' title='bbox 1052 3457 1096 3506; x_wconf 81' lang='lat' dir='ltr'>hoa</span> <span class='ocrx_word' id='word_1_279' title='bbox 1121 3455 1236 3511; x_wconf 75' lang='lat' dir='ltr'>intersit,</span> <span class='ocrx_word' id='word_1_280' title='bbox 1262 3456 1295 3502; x_wconf 83' lang='lat' dir='ltr'>ab</span> <span class='ocrx_word' id='word_1_281' title='bbox 1320 3455 1375 3516; x_wconf 80' lang='lat' dir='ltr'>ipso</span> 
     </span>
    </p>

    <p class='ocr_par' dir='ltr' id='par_1_8' title="bbox 174 3533 1374 4234">
     <span class='ocr_line' id='line_1_33' title="bbox 269 3533 1373 3602; baseline -0.002 -16"><span class='ocrx_word' id='word_1_282' title='bbox 269 3535 420 3588; x_wconf 89' lang='lat' dir='ltr'>Doderlinus</span> <span class='ocrx_word' id='word_1_283' title='bbox 437 3539 513 3602; x_wconf 81' lang='lat' dir='ltr'>legit:</span> <span class='ocrx_word' id='word_1_284' title='bbox 531 3541 622 3588; x_wconf 80' lang='lat' dir='ltr'>Nonae</span> <span class='ocrx_word' id='word_1_285' title='bbox 637 3539 705 3587; x_wconf 74' lang='lat' dir='ltr'>rides</span> <span class='ocrx_word' id='word_1_286' title='bbox 723 3538 783 3586; x_wconf 72' lang='lat' dir='ltr'>Alai</span> <span class='ocrx_word' id='word_1_287' title='bbox 824 3535 945 3583; x_wconf 74' lang='lat' dir='ltr'>Audieris</span> <span class='ocrx_word' id='word_1_288' title='bbox 959 3536 1054 3584; x_wconf 72' lang='lat' dir='ltr'>melam.</span> <span class='ocrx_word' id='word_1_289' title='bbox 1072 3533 1156 3584; x_wconf 83' lang='lat' dir='ltr'>Plaut.</span> <span class='ocrx_word' id='word_1_290' title='bbox 1174 3533 1248 3582; x_wconf 88' lang='lat' dir='ltr'>Miles</span> <span class='ocrx_word' id='word_1_291' title='bbox 1257 3533 1326 3583; x_wconf 81' lang='lat' dir='ltr'>Glor.</span> <span class='ocrx_word' id='word_1_292' title='bbox 1336 3533 1373 3584; x_wconf 91' lang='lat'>11.</span> 
     </span>
     <span class='ocr_line' id='line_1_34' title="bbox 237 3612 1371 3682; baseline 0 -18"><span class='ocrx_word' id='word_1_293' title='bbox 237 3622 268 3664; x_wconf 81' lang='lat' dir='ltr'>ut</span> <span class='ocrx_word' id='word_1_294' title='bbox 292 3621 358 3667; x_wconf 78' lang='lat' dir='ltr'>mola</span> <span class='ocrx_word' id='word_1_295' title='bbox 372 3621 444 3667; x_wconf 78' lang='lat' dir='ltr'>vivut</span> <span class='ocrx_word' id='word_1_296' title='bbox 456 3619 535 3682; x_wconf 74' lang='lat' dir='ltr'>fitius</span> <span class='ocrx_word' id='word_1_297' title='bbox 559 3624 637 3680; x_wconf 80' lang='lat' dir='ltr'>utque</span> <span class='ocrx_word' id='word_1_298' title='bbox 657 3614 781 3665; x_wconf 68' lang='lat' dir='ltr'>Barrus?</span> <span class='ocrx_word' id='word_1_299' title='bbox 821 3614 845 3662; x_wconf 79' lang='lat'>3.</span> <span class='ocrx_word' id='word_1_300' title='bbox 862 3613 903 3662; x_wconf 78' lang='grc'>20.</span> <span class='ocrx_word' id='word_1_301' title='bbox 930 3615 1000 3662; x_wconf 86' lang='lat' dir='ltr'>Num</span> <span class='ocrx_word' id='word_1_302' title='bbox 1018 3616 1065 3663; x_wconf 70' lang='lat' dir='ltr'>aba</span> <span class='ocrx_word' id='word_1_303' title='bbox 1082 3615 1182 3676; x_wconf 73' lang='lat' dir='ltr'>Lippus</span> <span class='ocrx_word' id='word_1_304' title='bbox 1192 3614 1298 3664; x_wconf 74' lang='lat' dir='ltr'>videor?</span> <span class='ocrx_word' id='word_1_305' title='bbox 1316 3612 1371 3664; x_wconf 80' lang='lat' dir='ltr'>Me·</span> 
     </span>
     <span class='ocr_line' id='line_1_35' title="bbox 236 3694 1373 3760; baseline -0.002 -14"><span class='ocrx_word' id='word_1_306' title='bbox 236 3696 309 3757; x_wconf 75' lang='lat' dir='ltr'>inops</span> <span class='ocrx_word' id='word_1_307' title='bbox 332 3713 451 3760; x_wconf 60' lang='lat' dir='ltr'>maenam</span> <span class='ocrx_word' id='word_1_308' title='bbox 475 3699 656 3748; x_wconf 70' lang='lat' dir='ltr'>documentum.</span> <span class='ocrx_word' id='word_1_309' title='bbox 700 3696 781 3744; x_wconf 85' lang='lat' dir='ltr'>Iutsr-</span> <span class='ocrx_word' id='word_1_310' title='bbox 821 3695 907 3744; x_wconf 80' lang='lat' dir='ltr'>disum</span> <span class='ocrx_word' id='word_1_311' title='bbox 924 3694 991 3742; x_wconf 60' lang='lat' dir='ltr'>utor</span> <span class='ocrx_word' id='word_1_312' title='bbox 1013 3694 1059 3743; x_wconf 71' lang='lat' dir='ltr'>riti</span> <span class='ocrx_word' id='word_1_313' title='bbox 1083 3694 1173 3742; x_wconf 74' lang='lat' dir='ltr'>melias</span> <span class='ocrx_word' id='word_1_314' title='bbox 1190 3696 1373 3756; x_wconf 60' lang='lat' dir='ltr'>peremtoria.</span> 
     </span>
     <span class='ocr_line' id='line_1_36' title="bbox 237 3773 1374 3839; baseline 0.004 -19"><span class='ocrx_word' id='word_1_315' title='bbox 237 3780 349 3835; x_wconf 83' lang='lat' dir='ltr'>pretatur</span> <span class='ocrx_word' id='word_1_316' title='bbox 378 3777 444 3824; x_wconf 84' lang='lat' dir='ltr'>male</span> <span class='ocrx_word' id='word_1_317' title='bbox 471 3777 542 3825; x_wconf 78' lang='lat' dir='ltr'>vivat</span> <span class='ocrx_word' id='word_1_318' title='bbox 567 3782 695 3839; x_wconf 79' lang='lat' dir='ltr'>tamquam</span> <span class='ocrx_word' id='word_1_319' title='bbox 715 3789 781 3823; x_wconf 87' lang='lat' dir='ltr'>oom-</span> <span class='ocrx_word' id='word_1_320' title='bbox 823 3773 918 3824; x_wconf 82' lang='lat' dir='ltr'>Seneca</span> <span class='ocrx_word' id='word_1_321' title='bbox 942 3775 1024 3838; x_wconf 85' lang='lat' dir='ltr'>Epist.</span> <span class='ocrx_word' id='word_1_322' title='bbox 1054 3773 1094 3822; x_wconf 80' lang='lat'>94.</span> <span class='ocrx_word' id='word_1_323' title='bbox 1138 3775 1283 3837; x_wconf 79' lang='lat' dir='ltr'>Praecepta</span> <span class='ocrx_word' id='word_1_324' title='bbox 1311 3776 1374 3824; x_wconf 80' lang='lat' dir='ltr'>dare</span> 
     </span>
     <span class='ocr_line' id='line_1_37' title="bbox 237 3854 1373 3918; baseline 0.002 -17"><span class='ocrx_word' id='word_1_325' title='bbox 237 3867 313 3902; x_wconf 87' lang='lat' dir='ltr'>mune</span> <span class='ocrx_word' id='word_1_326' title='bbox 328 3855 495 3918; x_wconf 81' lang='lat' dir='ltr'>praedicatum</span> <span class='ocrx_word' id='word_1_327' title='bbox 505 3854 553 3904; x_wconf 88' lang='lat' dir='ltr'>filii</span> <span class='ocrx_word' id='word_1_328' title='bbox 566 3855 638 3905; x_wconf 84' lang='lat' dir='ltr'>Albii</span> <span class='ocrx_word' id='word_1_329' title='bbox 653 3862 679 3904; x_wconf 82' lang='lat' dir='ltr'>et</span> <span class='ocrx_word' id='word_1_330' title='bbox 694 3854 781 3914; x_wconf 81' lang='lat' dir='ltr'>Barri;</span> <span class='ocrx_word' id='word_1_331' title='bbox 821 3857 911 3905; x_wconf 69' lang='lat' dir='ltr'>sacnti</span> <span class='ocrx_word' id='word_1_332' title='bbox 926 3870 1111 3918; x_wconf 74' lang='lat' dir='ltr'>sapervacuum</span> <span class='ocrx_word' id='word_1_333' title='bbox 1126 3860 1179 3911; x_wconf 78' lang='lat' dir='ltr'>ert,</span> <span class='ocrx_word' id='word_1_334' title='bbox 1195 3856 1317 3904; x_wconf 64' lang='lat' dir='ltr'>numerati</span> <span class='ocrx_word' id='word_1_335' title='bbox 1325 3871 1373 3918; x_wconf 77' lang='lat' dir='ltr'>pa-</span> 
     </span>
     <span class='ocr_line' id='line_1_38' title="bbox 236 3933 1373 3998; baseline -0.001 -17"><span class='ocrx_word' id='word_1_336' title='bbox 236 3938 262 3981; x_wconf 88' lang='lat' dir='ltr'>ot</span> <span class='ocrx_word' id='word_1_337' title='bbox 282 3934 354 3996; x_wconf 76' lang='lat' dir='ltr'>inops</span> <span class='ocrx_word' id='word_1_338' title='bbox 376 3940 504 3998; x_wconf 85' lang='lat' dir='ltr'>tamquam</span> <span class='ocrx_word' id='word_1_339' title='bbox 528 3933 680 3992; x_wconf 74' lang='lat' dir='ltr'>subiectum,</span> <span class='ocrx_word' id='word_1_340' title='bbox 710 3933 781 3981; x_wconf 86' lang='lat' dir='ltr'>euius</span> <span class='ocrx_word' id='word_1_341' title='bbox 822 3949 887 3982; x_wconf 82' lang='lat' dir='ltr'>rum.</span> <span class='ocrx_word' id='word_1_342' title='bbox 916 3935 1014 3982; x_wconf 75' lang='lat' dir='ltr'>Audire</span> <span class='ocrx_word' id='word_1_343' title='bbox 1029 3935 1096 3982; x_wconf 78' lang='lat' dir='ltr'>enim</span> <span class='ocrx_word' id='word_1_344' title='bbox 1118 3934 1188 3982; x_wconf 81' lang='lat' dir='ltr'>debet</span> <span class='ocrx_word' id='word_1_345' title='bbox 1204 3947 1253 3980; x_wconf 81' lang='lat' dir='ltr'>non</span> <span class='ocrx_word' id='word_1_346' title='bbox 1271 3937 1373 3980; x_wconf 79' lang='lat' dir='ltr'>tantum</span> 
     </span>
     <span class='ocr_line' id='line_1_39' title="bbox 236 4010 1372 4076; baseline -0.002 -16"><span class='ocrx_word' id='word_1_347' title='bbox 236 4012 404 4074; x_wconf 77' lang='lat' dir='ltr'>praedicatum</span> <span class='ocrx_word' id='word_1_348' title='bbox 420 4010 453 4062; x_wconf 89' lang='lat' dir='ltr'>sit</span> <span class='ocrx_word' id='word_1_349' title='bbox 469 4029 587 4076; x_wconf 72' lang='lat' dir='ltr'>monum</span> <span class='ocrx_word' id='word_1_350' title='bbox 596 4015 781 4062; x_wconf 76' lang='lat' dir='ltr'>documentum.</span> <span class='ocrx_word' id='word_1_351' title='bbox 821 4014 884 4075; x_wconf 78' lang='lat' dir='ltr'>quid</span> <span class='ocrx_word' id='word_1_352' title='bbox 893 4013 1135 4074; x_wconf 69' lang='lat' dir='ltr'>sibipraaipiatar,</span> <span class='ocrx_word' id='word_1_353' title='bbox 1149 4011 1278 4059; x_wconf 77' lang='lat' dir='ltr'>sedetiam</span> <span class='ocrx_word' id='word_1_354' title='bbox 1286 4024 1372 4071; x_wconf 80' lang='lat' dir='ltr'>quare.</span> 
     </span>
     <span class='ocr_line' id='line_1_40' title="bbox 236 4088 1372 4150; baseline -0.004 -11"><span class='ocrx_word' id='word_1_355' title='bbox 236 4089 318 4139; x_wconf 85' lang='lat' dir='ltr'>Filius</span> <span class='ocrx_word' id='word_1_356' title='bbox 335 4091 406 4141; x_wconf 78' lang='lat' dir='ltr'>albii</span> <span class='ocrx_word' id='word_1_357' title='bbox 422 4106 476 4141; x_wconf 83' lang='lat' dir='ltr'>assa</span> <span class='ocrx_word' id='word_1_358' title='bbox 497 4091 537 4140; x_wconf 92' lang='lat' dir='ltr'>illi</span> <span class='ocrx_word' id='word_1_359' title='bbox 557 4091 656 4140; x_wconf 84' lang='lat' dir='ltr'>videtur</span> <span class='ocrx_word' id='word_1_360' title='bbox 676 4105 781 4147; x_wconf 68' lang='lat' dir='ltr'>avorsa,</span> <span class='ocrx_word' id='word_1_361' title='bbox 824 4092 878 4150; x_wconf 80' lang='lat' dir='ltr'>Qui</span> <span class='ocrx_word' id='word_1_362' title='bbox 903 4093 977 4139; x_wconf 77' lang='lat' dir='ltr'>habat</span> <span class='ocrx_word' id='word_1_363' title='bbox 1001 4094 1119 4138; x_wconf 75' lang='lat' dir='ltr'>exactum</span> <span class='ocrx_word' id='word_1_364' title='bbox 1140 4089 1263 4138; x_wconf 75' lang='lat' dir='ltr'>iudicium</span> <span class='ocrx_word' id='word_1_365' title='bbox 1283 4090 1313 4136; x_wconf 74' lang='lat' dir='ltr'>de</span> <span class='ocrx_word' id='word_1_366' title='bbox 1322 4088 1372 4148; x_wconf 83' lang='lat' dir='ltr'>su·</span> 
     </span>
     <span class='ocr_line' id='line_1_41' title="bbox 174 4163 1372 4234; baseline -0.008 -13"><span class='ocrx_word' id='word_1_367' title='bbox 174 4206 177 4210; x_wconf 89' lang='lat'><em>-</em></span> <span class='ocrx_word' id='word_1_368' title='bbox 236 4169 332 4220; x_wconf 71' lang='lat' dir='ltr'>Barrus</span> <span class='ocrx_word' id='word_1_369' title='bbox 346 4173 474 4234; x_wconf 68' lang='lat' dir='ltr'>prodique.</span> <span class='ocrx_word' id='word_1_370' title='bbox 821 4170 918 4232; x_wconf 65' lang='lat' dir='ltr'>otendit</span> <span class='ocrx_word' id='word_1_371' title='bbox 932 4169 1107 4230; x_wconf 69' lang='lat' dir='ltr'>permultaque,</span> <span class='ocrx_word' id='word_1_372' title='bbox 1124 4167 1181 4223; x_wconf 79' lang='lat' dir='ltr'>soit,</span> <span class='ocrx_word' id='word_1_373' title='bbox 1194 4166 1256 4227; x_wconf 71' lang='lat' dir='ltr'>qaid</span> <span class='ocrx_word' id='word_1_374' title='bbox 1272 4163 1372 4227; x_wconf 74' lang='lat' dir='ltr'>ribisa·</span> 
     </span>
    </p>

    <p class='ocr_par' dir='ltr' id='par_1_9' title="bbox 236 4247 1373 4548">
     <span class='ocr_line' id='line_1_42' title="bbox 270 4247 1258 4313; baseline -0.008 -15"><span class='ocrx_word' id='word_1_375' title='bbox 270 4251 379 4312; x_wconf 63' lang='lat' dir='ltr'>Sapinia</span> <span class='ocrx_word' id='word_1_376' title='bbox 394 4252 479 4300; x_wconf 59' lang='lat' dir='ltr'>adata</span> <span class='ocrx_word' id='word_1_377' title='bbox 499 4250 606 4313; x_wconf 75' lang='lat' dir='ltr'>quidque</span> <span class='ocrx_word' id='word_1_378' title='bbox 619 4251 705 4310; x_wconf 77' lang='lat' dir='ltr'>petitu</span> <span class='ocrx_word' id='word_1_379' title='bbox 739 4249 782 4298; x_wconf 77' lang='lat' dir='ltr'>Sit</span> <span class='ocrx_word' id='word_1_380' title='bbox 825 4248 941 4297; x_wconf 64' lang='lat' dir='ltr'>mam</span> <span class='ocrx_word' id='word_1_381' title='bbox 957 4248 1001 4304; x_wconf 77' lang='lat' dir='ltr'>ait,</span> <span class='ocrx_word' id='word_1_382' title='bbox 1016 4247 1094 4296; x_wconf 78' lang='lat' dir='ltr'>etiam</span> <span class='ocrx_word' id='word_1_383' title='bbox 1112 4250 1136 4294; x_wconf 80' lang='lat' dir='ltr'>ta</span> <span class='ocrx_word' id='word_1_384' title='bbox 1153 4249 1258 4292; x_wconf 72' lang='lat' dir='ltr'>turmae.</span> 
     </span>
     <span class='ocr_line' id='line_1_43' title="bbox 236 4323 1373 4388; baseline -0.003 -12"><span class='ocrx_word' id='word_1_385' title='bbox 236 4330 335 4387; x_wconf 74' lang='lat' dir='ltr'>melius,</span> <span class='ocrx_word' id='word_1_386' title='bbox 351 4344 455 4379; x_wconf 73' lang='lat' dir='ltr'>causaue</span> <span class='ocrx_word' id='word_1_387' title='bbox 470 4329 558 4378; x_wconf 77' lang='lat' dir='ltr'>reddat</span> <span class='ocrx_word' id='word_1_388' title='bbox 574 4329 628 4376; x_wconf 65' lang='lat' dir='ltr'>fibi.</span> <span class='ocrx_word' id='word_1_389' title='bbox 645 4324 780 4388; x_wconf 80' lang='lat' dir='ltr'>Quiumres</span> <span class='ocrx_word' id='word_1_390' title='bbox 861 4326 1014 4376; x_wconf 86' lang='lat' dir='ltr'>Doderlinus</span> <span class='ocrx_word' id='word_1_391' title='bbox 1040 4324 1160 4388; x_wconf 82' lang='lat' dir='ltr'>explieat:</span> <span class='ocrx_word' id='word_1_392' title='bbox 1188 4323 1286 4386; x_wconf 83' lang='lat' dir='ltr'>sapiens</span> <span class='ocrx_word' id='word_1_393' title='bbox 1313 4323 1373 4387; x_wconf 87' lang='lat' dir='ltr'>quid</span> 
     </span>
     <span class='ocr_line' id='line_1_44' title="bbox 236 4400 1371 4470; baseline -0.001 -16"><span class='ocrx_word' id='word_1_394' title='bbox 236 4406 322 4470; x_wconf 83' lang='lat' dir='ltr'>aliqua</span> <span class='ocrx_word' id='word_1_395' title='bbox 337 4410 426 4458; x_wconf 77' lang='lat' dir='ltr'>malina</span> <span class='ocrx_word' id='word_1_396' title='bbox 442 4408 535 4456; x_wconf 86' lang='lat' dir='ltr'>vitatur</span> <span class='ocrx_word' id='word_1_397' title='bbox 551 4421 625 4469; x_wconf 89' lang='lat' dir='ltr'>quam</span> <span class='ocrx_word' id='word_1_398' title='bbox 642 4407 742 4469; x_wconf 86' lang='lat' dir='ltr'>petitur,</span> <span class='ocrx_word' id='word_1_399' title='bbox 752 4420 781 4455; x_wconf 87' lang='lat' dir='ltr'>ea</span> <span class='ocrx_word' id='word_1_400' title='bbox 822 4405 902 4454; x_wconf 87' lang='lat' dir='ltr'>vitatu</span> <span class='ocrx_word' id='word_1_401' title='bbox 919 4405 1027 4468; x_wconf 89' lang='lat' dir='ltr'>quidque</span> <span class='ocrx_word' id='word_1_402' title='bbox 1037 4403 1117 4467; x_wconf 87' lang='lat' dir='ltr'>petitu</span> <span class='ocrx_word' id='word_1_403' title='bbox 1128 4403 1161 4451; x_wconf 90' lang='lat' dir='ltr'>sit</span> <span class='ocrx_word' id='word_1_404' title='bbox 1177 4400 1279 4459; x_wconf 88' lang='lat' dir='ltr'>molius,</span> <span class='ocrx_word' id='word_1_405' title='bbox 1297 4404 1371 4458; x_wconf 77' lang='lat' dir='ltr'>diost,</span> 
     </span>
     <span class='ocr_line' id='line_1_45' title="bbox 236 4482 1371 4548; baseline -0.004 -14"><span class='ocrx_word' id='word_1_406' title='bbox 236 4484 315 4548; x_wconf 80' lang='lat' dir='ltr'>vulgo</span> <span class='ocrx_word' id='word_1_407' title='bbox 339 4487 407 4535; x_wconf 88' lang='lat' dir='ltr'>haud</span> <span class='ocrx_word' id='word_1_408' title='bbox 428 4487 463 4535; x_wconf 82' lang='lat' dir='ltr'>ita</span> <span class='ocrx_word' id='word_1_409' title='bbox 487 4486 514 4533; x_wconf 89' lang='lat' dir='ltr'>in</span> <span class='ocrx_word' id='word_1_410' title='bbox 536 4484 691 4545; x_wconf 79' lang='lat' dir='ltr'>gravioribus</span> <span class='ocrx_word' id='word_1_411' title='bbox 712 4486 781 4533; x_wconf 84' lang='lat' dir='ltr'>vitiis</span> <span class='ocrx_word' id='word_1_412' title='bbox 822 4491 847 4534; x_wconf 78' lang='lat' dir='ltr'>et</span> <span class='ocrx_word' id='word_1_413' title='bbox 863 4499 909 4534; x_wconf 77' lang='lat' dir='ltr'>aar</span> <span class='ocrx_word' id='word_1_414' title='bbox 926 4484 1034 4547; x_wconf 67' lang='lat' dir='ltr'>oratuque</span> <span class='ocrx_word' id='word_1_415' title='bbox 1050 4485 1086 4532; x_wconf 77' lang='lat' dir='ltr'>stt</span> <span class='ocrx_word' id='word_1_416' title='bbox 1101 4495 1202 4530; x_wconf 78' lang='lat' dir='ltr'>caussas</span> <span class='ocrx_word' id='word_1_417' title='bbox 1218 4483 1307 4532; x_wconf 84' lang='lat' dir='ltr'>reddet</span> <span class='ocrx_word' id='word_1_418' title='bbox 1319 4482 1371 4531; x_wconf 84' lang='lat' dir='ltr'>tibi.</span> 
     </span>
    </p>
   </div>
   <div class='ocr_carea' id='block_1_4' title="bbox 0 0 1776 5634">
    <p class='ocr_par' dir='ltr' id='par_1_10' title="bbox 0 0 1776 5634">
     <span class='ocr_line' id='line_1_46' title="bbox 0 0 1776 5634; baseline 0 2"><span class='ocrx_word' id='word_1_419' title='bbox 0 0 1776 5634; x_wconf 95' lang='lat' dir='ltr'> </span> 
     </span>
    </p>
   </div>
  </div>
 </body>
</html>
