3542 5634
664 517 860 581 LIBER
907 519 949 581 ll.

284 705 331 771 Ut
352 703 405 768 vel
428 703 582 768 continuo
602 702 725 786 patuit,
754 724 855 788 quum
878 703 1018 786 passeris
1043 708 1140 787 atque

285 809 457 892 Ingustata
479 806 560 870 mihi
584 813 769 890 porrexerat
789 807 846 870 ilia
865 806 1001 870 rhombi.

284 912 364 977 Post
384 912 444 976 hoc
464 932 517 974 me
537 909 665 993 docuit,
690 909 854 976 melimela
876 910 990 974 rubere
1012 909 1170 974 minorem

283 1013 337 1078 Ad
359 1014 472 1079 lunam
498 1013 638 1078 delecta:
659 1013 818 1098 quidhoc
845 1013 993 1094 intersit,
1017 1014 1058 1078 ab
1080 1013 1152 1099 ipso

284 1117 435 1182 Audieris
460 1117 585 1181 melius.
633 1116 714 1182 Tum
735 1116 887 1181 Vibidius
906 1116 1094 1181 Balatroni:

235 1354 326 1411 turba,
346 1355 491 1403 Fundanius
514 1363 539 1403 et
559 1370 644 1404 omnes
661 1356 717 1413 alii,
733 1371 784 1405 nou
824 1355 910 1414 simili,
931 1356 973 1420 qui
992 1355 1067 1419 longe
1083 1355 1208 1404 dissimilis
1225 1363 1278 1405 erat
1294 1372 1366 1406 succo

234 1435 358 1494 sciebant,
375 1440 475 1483 anetem
492 1437 577 1492 traria,
597 1449 640 1482 nos
655 1449 784 1484 coenamus
823 1434 931 1484 naturali
946 1435 1049 1496 piscium
1066 1441 1090 1482 et
1104 1434 1297 1498 conchyliorum,
1323 1439 1365 1487 In-

234 1529 310 1573 aees,
326 1515 462 1576 conchylia,
477 1517 564 1576 pisces.
589 1513 784 1576 Inhisinquam
824 1517 926 1578 genium
947 1521 972 1562 ct
992 1530 1032 1562 ars
1053 1529 1165 1562 cocorum
1187 1521 1238 1564 tam
1255 1519 1327 1566 docta
1341 1526 1367 1567 et

234 1592 311 1656 plane
333 1594 436 1642 otiosum
457 1598 481 1640 et
503 1593 558 1656 plus
579 1607 653 1656 quam
670 1607 784 1656 superva-
824 1594 923 1658 elegans
945 1595 1045 1642 discitur
1065 1608 1097 1642 ex
1118 1593 1242 1644 Petronio.
1279 1596 1366 1646 Petro·

235 1687 313 1721 cuum
331 1678 380 1730 est,
402 1687 457 1720 cam
482 1672 535 1720 sole
551 1672 640 1720 clarius
657 1678 784 1736 appareat,
824 1674 879 1721 nius
897 1674 936 1722 69.
960 1677 1042 1734 Nam,
1061 1690 1117 1723 eam
1130 1677 1228 1736 positas
1243 1682 1318 1736 esset,
1337 1684 1367 1725 ut

235 1766 284 1801 nos
310 1757 335 1800 et
359 1758 484 1801 caeteram
507 1755 606 1801 turbam
628 1767 680 1802 osse
701 1767 784 1801 omnes
824 1767 868 1802 aas
877 1756 1043 1817 putabamus,
1060 1768 1135 1802 anser
1146 1751 1236 1812 altilis,
1253 1755 1368 1817 circaque

199 1841 203 1848 ’
235 1830 358 1879 convivas
375 1831 448 1891 alios,
470 1839 548 1882 totum
569 1832 720 1890 convivium,
742 1846 785 1880 ex·
822 1833 906 1892 pisces
921 1831 1368 1895 etomaiampeaeraauiam2iaqaii
1460 1866 1467 1879 .

236 1911 316 1974 ceptis
341 1911 475 1960 Nasidieno
499 1919 524 1961 et
550 1913 714 1960 Nomentano.
752 1912 786 1959 Et
828 1911 994 1960 Trimalchio:
1011 1912 1134 1974 quidquid
1148 1912 1238 1959 videtis
1251 1912 1292 1959 hie
1300 1913 1368 1973 posi-

236 2005 284 2040 cur
306 2005 367 2053 opus
384 1998 436 2039 erat
456 1992 587 2054 interprete
614 1991 785 2039 Nomentano?
826 1993 892 2046 tum,
909 1991 939 2037 de
955 2005 1004 2038 aaa
1021 2005 1122 2052 corpore
1137 1991 1292 2051 estfactum.
1313 1989 1367 2038 An·

237 2071 299 2134 quia
315 2070 450 2119 coenabant
466 2085 532 2128 aves,
548 2069 684 2132 conchylia,
700 2071 785 2132 pisces,
825 2080 876 2125 ser,
901 2067 993 2130 pisces,
1018 2082 1088 2124 aves,
1113 2069 1195 2116 omnia
1213 2068 1278 2116 saeta
1299 2074 1369 2116 erant

237 2148 348 2198 celantia
368 2164 467 2198 succum
489 2157 547 2198 noto
564 2148 714 2197 dissimilem.
748 2150 785 2198 At
826 2161 857 2195 ex
878 2161 928 2194 uno
949 2161 1050 2210 corpore
1066 2148 1130 2206 anis,
1146 2154 1174 2195 nt
1190 2147 1326 2210 explicatur
1341 2149 1368 2195 in
1435 2175 1438 2195 t

237 2227 314 2275 herus
343 2235 367 2277 et
392 2229 562 2277 Nomentanus
590 2228 675 2276 eadem
699 2241 784 2275 coena·
826 2226 904 2289 capite
928 2241 964 2289 sq.
985 2225 1026 2276 70.
1065 2227 1112 2274 Ita
1137 2241 1262 2283 crescam,
1284 2229 1368 2288 patri-

238 2308 314 2356 bant:
332 2308 357 2355 in
373 2322 402 2356 eo
414 2308 488 2370 igitur
510 2322 593 2356 omnes
615 2313 686 2355 erant
702 2322 785 2369 pares,
826 2308 906 2354 aronio
922 2322 971 2355 aaa
988 2321 1100 2369 empore,
1117 2313 1147 2355 ai
1158 2308 1209 2355 ista
1220 2320 1290 2356 cosia
1301 2321 1369 2354 meas

238 2401 322 2450 neque
333 2387 514 2436 desiderabatur
524 2387 667 2449 explicatio,
684 2387 731 2435 nisi
742 2403 785 2435 cur
826 2387 855 2433 de
873 2399 950 2447 porco
963 2384 1036 2448 feeit.
1072 2387 1130 2433 Noa
1149 2390 1233 2448 potest
1248 2399 1298 2434 esse
1311 2400 1369 2447 pre-

239 2482 267 2515 v.
284 2481 304 2514 c.
322 2467 374 2514 aeas
390 2465 434 2514 illa
449 2465 539 2514 celaret
555 2480 656 2514 succum
667 2473 726 2514 noto
737 2467 785 2514 dis·
826 2465 913 2511 tiosior
935 2466 1012 2513 bomo.
1044 2466 1168 2521 Vulneris,
1189 2466 1220 2512 de
1238 2465 1312 2512 aulea
1321 2464 1367 2526 sa-

241 2544 362 2604 slmilem,
380 2545 438 2608 quid
455 2543 785 2593 faceretdissimilitudinem.
826 2543 872 2590 ciet
891 2543 996 2603 piscem,
1017 2545 1047 2592 de
1067 2545 1140 2592 lardo
1157 2545 1316 2604 pulsandam,
1339 2545 1369 2591 de

240 2626 330 2674 Tenue
347 2625 489 2682 discrimen,
511 2638 590 2688 neque
607 2623 719 2687 indigens
742 2640 786 2673 aas
824 2637 906 2683 perna
923 2627 1062 2679 turturem,
1080 2625 1110 2671 de
1124 2624 1230 2685 cvllpkio
1240 2623 1369 2685 sallitat!-

239 2707 352 2767 inquam.
403 2703 469 2764 Quid
494 2708 576 2752 autem
598 2704 727 2768 conchylia
751 2720 786 2754 ce·
826 2701 867 2750 Ita
892 2715 963 2748 cocus
987 2701 1114 2751 Nasidieni
1139 2701 1230 2751 iecerat
1254 2714 1312 2750 aves
1337 2714 1370 2749 ex

241 2785 435 2834 saumatam
446 2786 591 2833 dissimilem
602 2785 680 2833 aoso?
705 2785 786 2834 Acro:
827 2779 932 2843 piscibus
954 2788 978 2829 et
999 2781 1146 2846 conchyliis,
1168 2794 1301 2843 eorumque
1316 2795 1370 2829 suc-

242 2865 384 2922 ‚,celantia,
408 2864 473 2910 intra
498 2877 525 2910 se
547 2863 720 2911 coutinentia.“
754 2863 788 2912 Et
827 2875 884 2908 cum
909 2861 1021 2909 dissimili
1045 2861 1166 2925 piscibus,
1191 2861 1264 2923 plane
1295 2861 1370 2909 simili

242 2941 291 2999 sic,
309 2943 393 3000 credo,
410 2955 494 2988 omnes
506 2941 573 2988 taciti
586 2941 714 3002 accipiunt.
740 2942 788 2990 Re-
828 2938 914 2986 avibus
931 2939 1060 2990 celaverat.
1084 2940 1204 2989 Horatius
1214 2939 1371 3002 scriberepo

242 3027 313 3069 otene
344 3019 379 3066 ita
409 3019 497 3067 dicitur
522 3021 616 3067 celare?
660 3020 789 3080 Quomodo
828 3015 927 3063 auisset:
955 3019 1010 3065 Nos
1026 3033 1155 3067 coenamus
1172 3033 1228 3066 aces
1244 3024 1372 3081 taniquam

243 3106 328 3148 autem
340 3101 418 3155 celat,
435 3098 500 3160 quod
514 3103 641 3160 gustatum
653 3099 736 3146 statim
748 3113 789 3160 ap·
829 3095 971 3155 coaehplia,
991 3098 1085 3158 pisces:
1109 3099 1163 3145 Nos
1180 3102 1307 3159 tamquam
1323 3113 1372 3147 cos

244 3182 314 3240 paret
331 3189 383 3224 esse
400 3176 516 3224 dissimile
533 3182 590 3223 noto
605 3177 702 3239 sapori?
724 3175 789 3237 Quid
830 3188 919 3222 numm
935 3189 992 3222 aves
1006 3177 1137 3237 aonebyiia
1155 3177 1232 3244 pisces
1241 3175 1329 3224 dicitur
1339 3191 1372 3226 ex

244 3259 320 3306 noto?
353 3256 433 3304 Acro:
456 3261 538 3315 „nota
559 3256 585 3304 id
607 3262 655 3313 est,
678 3256 789 3304 omnibus
829 3252 1016 3312 consuetudine,
1029 3254 1370 3317 quaverbatraiicereamat,

245 3336 348 3392 usitato,
373 3335 414 3383 vel
436 3341 505 3392 noto,
527 3350 599 3398 quem
621 3337 789 3385 Nomentanus
829 3340 857 3381 ut
882 3333 942 3381 ordo
965 3349 1061 3397 quoque
1085 3333 1178 3398 aliquid
1202 3335 1288 3398 poetici
1308 3335 1372 3382 colo·

245 3421 270 3462 et
286 3415 434 3462 Nasidienus
451 3422 584 3470 noverant,
603 3421 645 3461 aut
662 3429 790 3479 quemego
829 3415 863 3460 ris
880 3412 1032 3461 sermonibus
1049 3414 1156 3461 adderet.

245 3501 330 3557 postea
340 3494 467 3556 eognovi.“
483 3491 562 3542 Vides
572 3493 698 3542 Aaronem
709 3495 789 3556 ipsum
860 3490 998 3540 Doderlino
1019 3493 1068 3539 duo
1089 3506 1175 3540 versus
1191 3499 1242 3539 tam
1259 3490 1372 3540 difficiles

176 3613 177 3616 ,
246 3588 296 3622 non
320 3572 464 3636 intelligere.
496 3573 573 3620 Totus
598 3570 666 3622 loeus
690 3574 790 3622 omniuo
828 3571 876 3619 visi
900 3577 971 3630 sunt,
995 3578 1024 3619 ut
1048 3586 1126 3620 unum
1146 3572 1267 3620 excidisse
1289 3579 1372 3634 putet,

247 3653 353 3702 difficilia
370 3651 494 3700 intellectu
512 3658 561 3711 est,
581 3652 684 3702 fortasse
703 3653 738 3701 sic
755 3653 789 3702 le'-
829 3664 879 3713 quo
896 3649 1025 3699 discrimen
1041 3652 1105 3700 inter
1121 3659 1255 3715 utramque
1271 3652 1318 3700 cibi
1331 3667 1372 3716 gs·

248 3733 353 3795 gendus:
371 3734 440 3780 Nam
451 3737 551 3781 caetera
562 3735 645 3791 turba,
662 3734 716 3781 Nos
727 3739 789 3782 iam·
829 3744 875 3777 nus
893 3729 1054 3791 significetur,
1070 3747 1095 3780 v.
1106 3746 1127 3780 c.
1144 3733 1273 3792 Inpositas
1288 3733 1374 3793 isaari

165 3809 166 3812 ’
247 3827 322 3874 qaam
339 3826 468 3860 coenamus
485 3825 540 3859 aves
556 3813 682 3873 conchylia
698 3814 789 3874 pisces,
828 3811 943 3872 expulsos
970 3815 1028 3858 arte
1058 3824 1176 3871 sapores,
1201 3809 1241 3858 vel
1268 3813 1374 3861 Natiuos

248 3891 331 3952 Lanae
341 3891 458 3938 aesinam·
468 3897 554 3939 notam
565 3893 673 3939 celantia
681 3906 790 3940 saecum.
828 3891 913 3951 isaari
929 3891 1044 3951 expulsos
1060 3896 1119 3938 arte
1135 3904 1243 3952 sapores.
1276 3889 1373 3938 Deinde

248 3967 354 4018 Caetera
368 3967 453 4027 turba,
470 3982 672 4026 nosooenamus;
688 3970 789 4020 hiacus·
828 3967 910 4014 locum
934 3981 1033 4030 prorsus
1054 3967 1139 4016 eodem
1160 3969 1232 4016 modo
1254 3969 1374 4031 explicat,

249 4054 304 4097 tera
321 4050 397 4096 turba
417 4047 466 4096 sere
485 4055 522 4096 est
537 4049 705 4097 nominativus
722 4049 790 4098 abso·
830 4060 878 4109 quo
902 4060 950 4108 ego
974 4045 1035 4106 feci,
1060 4061 1119 4093 usus
1143 4061 1240 4110 quoque
1263 4048 1374 4096 Petronii

249 4125 330 4174 lutus:
347 4140 392 4174 noa
409 4139 538 4174 coenamus
556 4125 691 4188 conchylia,
705 4126 790 4188 pisces,
829 4124 957 4187 exemplo:
976 4128 1107 4173 Daedalus
1123 4140 1193 4174 comes
1208 4128 1239 4174 de
1251 4127 1374 4189 baldasa-

249 4213 374 4268 tamquam
391 4219 460 4263 aves,
481 4209 607 4267 tamquam
623 4212 704 4252 essent
719 4219 790 4261 aves,
829 4207 877 4253 ciet
889 4206 981 4266 piscem
998 4217 1033 4265 sq.
1065 4203 1212 4264 Ignorantia
1228 4203 1374 4262 turbse,ad-

249 4287 285 4333 ita
295 4285 424 4348 conchylia
433 4292 457 4332 et
468 4284 544 4346 pisces
555 4297 606 4331 non
617 4285 690 4332 modo
701 4284 789 4346 figura,
829 4284 878 4341 dit,
894 4282 977 4330 statim
988 4288 1101 4345 apparet,
1115 4297 1192 4345 quum
1203 4284 1375 4332 Nomentanus

250 4365 383 4412 sedetiam
402 4363 790 4427 saporemutataerantinaves,
829 4359 961 4410 Fundanio
985 4366 1129 4422 porrexerat
1160 4359 1202 4409 ilia
1230 4361 1328 4410 rhombi
1352 4370 1376 4412 et

251 4448 279 4488 ut
295 4455 324 4490 ea
340 4456 384 4504 pro
399 4441 485 4489 avibus
504 4441 637 4489 ederemus.
671 4439 792 4490 Celabant
829 4439 947 4503 passeris,
957 4453 1031 4502 quem
1041 4439 1123 4486 cibum
1136 4439 1176 4488 hic
1187 4455 1231 4502 pro
1241 4440 1314 4504 longe
1326 4443 1376 4492 alio

250 4526 333 4568 autem
349 4526 435 4570 uotum
451 4535 549 4570 succum
566 4535 637 4570 succo
653 4520 727 4583 longe
744 4521 791 4570 dia·
831 4518 949 4577 habebat,
966 4533 1042 4582 quam
1058 4526 1118 4567 erat.
