3542 5634
448 539 490 598 36
842 539 1193 606 SATIRARUM

493 719 697 786 Comminxit
719 723 842 789 lectum
865 729 964 809 potus
989 747 1143 792 mensave
1167 726 1316 792 catillum

495 821 639 888 Evandri
662 827 814 920 manibus
839 828 956 894 tritum
977 827 1115 908 deiecit;
1140 830 1181 895 ob
1201 830 1286 895 hnnc
1307 852 1395 912 rem,

492 925 563 990 Aut
584 927 730 1012 positum
753 935 830 996 ante
849 953 924 996 mes
948 930 1025 1017 quia
1046 932 1177 1017 pullum
1198 933 1233 998 in
1254 940 1347 1019 perte
1370 934 1471 1000 catini

446 1065 541 1120 sponte,
552 1074 602 1107 non
613 1061 739 1118 resistens,
749 1061 803 1109 neci
815 1061 894 1110 offert.
917 1061 997 1110 Tacit.
1039 1073 1090 1108 non
1115 1060 1220 1108 teritur?
1261 1061 1368 1109 Minime
1393 1059 1500 1122 proiecto
1525 1059 1589 1108 illud

446 1137 542 1184 Annei.
559 1138 635 1188 XVI.
651 1140 692 1188 35.
704 1140 735 1188 de
745 1139 871 1198 Thrusec,
887 1140 931 1204 qui
940 1156 998 1204 por·
1039 1139 1182 1186 mirandum
1199 1138 1226 1185 in
1243 1140 1337 1188 catillis
1353 1139 1397 1186 diu
1408 1147 1434 1187 et
1443 1153 1516 1201 saepe
1530 1139 1589 1188 vino

446 1217 523 1264 rectis
540 1220 671 1280 utriusque
685 1218 784 1267 brachii
801 1221 871 1268 senis
885 1234 999 1269 eruorem
1039 1218 1152 1266 madidis.
1186 1217 1233 1266 Est
1255 1218 1320 1280 apud
1343 1217 1451 1266 Martini.
1474 1217 1523 1266 XI.
1550 1221 1588 1268 12.

445 1293 547 1354 effudit.
592 1294 723 1344 Plutarch.
751 1296 783 1344 de
810 1295 930 1346 Cicerone
957 1297 997 1345 ts.
1038 1295 1193 1358 epigramma
1217 1297 1283 1359 quod
1309 1302 1418 1344 nostrum
1446 1297 1588 1359 opinionem

447 1372 542 1438 ἐσφάγη
563 1376 610 1424 τὸν
631 1375 763 1438 τράχηλον
786 1376 813 1424 ἐκ
835 1378 881 1426 τοῦ
899 1375 998 1441 φορείου
1038 1374 1179 1423 confirmet:
1200 1375 1284 1431 Tolle,
1305 1389 1382 1436 puer,
1404 1376 1506 1434 saluas,
1524 1380 1588 1439 tepi-

447 1452 592 1514 προτείνας.
617 1453 997 1512 Ruso,utOommentntorner-
1037 1453 1111 1514 dique
1127 1457 1269 1505 toreumata
1286 1454 1357 1510 Nili,
1376 1455 1414 1501 Et
1425 1455 1488 1502 miti
1498 1468 1588 1503 secura

446 1535 498 1587 rut,
524 1538 550 1578 ct
570 1530 708 1580 foenerator
730 1538 756 1580 et
785 1532 997 1596 historiographus
1035 1533 1127 1593 poeula
1143 1532 1216 1580 trade
1232 1547 1324 1588 mesu,
1343 1534 1418 1580 Trita
1434 1536 1586 1595 puts-umia-

447 1610 545 1670 ineptus
562 1616 622 1658 erut.
655 1611 696 1659 De
717 1611 817 1659 homine
838 1612 905 1659 haud
927 1612 996 1660 dissi·
1038 1611 1102 1668 bris,
1119 1615 1144 1658 et
1161 1617 1229 1660 tomo
1237 1625 1307 1673 pura
1318 1612 1445 1670 ministrm
1458 1615 1587 1676 Antinum

447 1687 501 1735 miii
526 1687 620 1737 Seneca
636 1690 716 1752 Epist.
733 1691 773 1738 95.
808 1692 941 1740 Recitator
958 1693 996 1739 hi·
1038 1691 1130 1738 mensis
1145 1692 1393 1740 restituaturhanos.
1428 1691 1456 1742 Si
1467 1692 1586 1740 Horatius

447 1769 555 1816 storiam
571 1768 696 1830 iuuentem
712 1770 818 1827 attulit,
830 1770 998 1817 minutissime
1037 1769 1078 1816 hic
1094 1770 1229 1833 scripsisset
1251 1770 1368 1818 Euandri
1389 1771 1469 1819 labris
1486 1772 1586 1830 tritum,

445 1848 581 1908 scriptam,
598 1847 737 1895 arctissime
745 1847 885 1908 plicatam·
903 1852 929 1896 et
946 1863 997 1896 οια-
1038 1860 1111 1895 nemo
1133 1849 1164 1896 dc
1192 1847 1284 1896 artifice
1306 1849 1425 1896 Euandro
1446 1850 1584 1912 cogitasset.

445 1939 496 1985 pua
509 1930 586 1986 parte
605 1926 731 1987 perlaeta:
754 1927 882 1986 musana,
899 1927 997 1988 iuquit,
1039 1923 1088 1974 Sed
1111 1927 1227 1974 manibus
1248 1928 1349 1986 tritum,
1374 1941 1422 1976 usu
1443 1928 1586 1990 quotidiano

445 2004 469 2049 si
485 2004 569 2052 vultis.
604 2003 784 2053 declamatur:
801 2005 997 2061 recita‚recita,
1038 2003 1138 2063 tritum,
1154 2003 1240 2052 eodem
1257 2006 1326 2053 redit.
1346 2007 1443 2054 Pocula
1459 2014 1543 2055 eutem
1561 2009 1586 2056 in

447 2083 479 2129 at
495 2083 546 2140 his,
571 2083 616 2146 qui
640 2084 714 2131 ilium
739 2085 904 2132 obnrutescers
928 2083 997 2132 illico
1038 2082 1157 2130 Martiale
1169 2089 1227 2131 sunt
1237 2097 1335 2146 quoque
1339 2083 1447 2144 fictilia,
1458 2087 1523 2148 quod
1535 2102 1585 2134 ma-

445 2162 559 2221 cupiunt.
599 2161 694 2210 Locum
729 2161 779 2208 inm
811 2169 998 2224 comparaverat
1039 2174 1086 2208 nus
1102 2151 1586 2226 securamensollicits'ne'frunguntnr,

447 2238 651 2287 Wustemennus.
1039 2245 1063 2286 et
1074 2239 1188 2302 antiquus
1200 2254 1341 2288 mensurum
1352 2241 1437 2300 honos,
1445 2244 1586 2293 ostendunt.

479 2318 601 2366 Euandri
609 2320 725 2366 nunnitus
735 2320 836 2365 tritum.
861 2319 902 2366 De
911 2319 996 2366 Euan·
1070 2319 1197 2383 Denique,
1214 2321 1236 2368 si
1247 2319 1364 2368 Horatius
1375 2321 1493 2371 artificem
1502 2323 1585 2372 Eunu-

445 2397 491 2444 dro
507 2396 653 2458 interpretes
674 2412 725 2445 non
747 2397 910 2455 conveniunt,
932 2397 996 2446 sitne
1037 2398 1111 2446 drum
1122 2398 1248 2456 voluisset,
1260 2400 1396 2462 scripsisset
1407 2415 1484 2448 uranu
1498 2403 1586 2450 Euan·

445 2488 491 2522 rex
508 2475 552 2523 ille
568 2475 768 2538 antiquissimus,
785 2489 818 2523 sn
832 2474 923 2523 artifex
944 2475 995 2523 Ho-
1038 2478 1092 2534 dri,
1110 2492 1160 2526 non
1177 2479 1299 2526 muamus.
1330 2477 1401 2535 Une,
1419 2484 1487 2525 certa
1503 2478 1586 2543 ulique

444 2552 509 2601 rstio
530 2553 649 2617 aequalis.
681 2554 811 2603 Bentleius
833 2555 941 2617 praefert
957 2571 995 2604 ur-
1038 2561 1133 2613 status,
1149 2556 1259 2619 pictura,
1277 2571 1333 2612 vus,
1349 2557 1448 2606 catilius
1459 2556 1538 2606 fuctus
1550 2568 1587 2608 est

444 2631 551 2692 tiiicem,
579 2634 638 2697 quis
659 2648 705 2682 rex
727 2640 782 2681 erut
803 2633 905 2696 entique
935 2649 994 2696 psu-
1037 2651 1114 2683 runnu
1131 2634 1245 2693 artificis,
1263 2641 1287 2683 et
1303 2635 1393 2683 dicitur
1410 2636 1520 2698 artificis
1534 2653 1586 2686 mu

445 2717 553 2772 pertete,
575 2725 655 2774 neque
671 2710 794 2759 nobilium
810 2711 936 2760 artificum
953 2727 994 2775 po·
1036 2727 1098 2772 nus,
1119 2713 1166 2761 hoc
1187 2720 1224 2761 est
1243 2711 1326 2771 labor,
1346 2727 1407 2776 opus
1423 2728 1500 2762 manu
1515 2715 1586 2764 illius

445 2789 542 2838 culsin
557 2789 706 2851 supellectili
716 2789 807 2838 hebere
817 2791 904 2852 potuit.
927 2792 995 2840 Tum
1036 2790 1137 2840 fectum.
1164 2790 1252 2841 Cicero
1273 2790 1347 2841 Verr.
1372 2791 1421 2842 IV.
1446 2794 1483 2841 14.
1519 2793 1586 2843 Cum

445 2875 529 2929 autem
545 2867 644 2916 sutilius
660 2868 714 2928 hic,
730 2868 790 2932 quin
805 2869 913 2917 deiectus
929 2869 994 2918 hun·
1035 2870 1082 2918 t‘ste
1111 2872 1142 2919 ab
1166 2885 1219 2920 sesa
1243 2872 1375 2934 hydriam,
1406 2871 1483 2920 Boiti
1507 2889 1587 2922 manu

445 2948 565 3010 gebstur,
581 2949 635 2997 sine
651 2949 726 2998 dubio
742 2957 796 2998 erut
806 2949 904 2998 fictilis:
921 2957 947 2998 st
957 2951 994 2999 in·
1029 2948 1146 3010 sartum,
1160 2951 1295 3010 praeclaro
1304 2965 1377 3012 opere
1387 2955 1412 2998 et
1422 2951 1586 3012 mundipote-

445 3027 560 3076 credibile
576 3037 625 3087 est,
642 3034 670 3077 ut
686 3043 730 3076 ves
747 3027 824 3077 fictile
840 3029 871 3076 ab
881 3031 995 3079 Euandri
1036 3029 1094 3076 dere
1102 3041 1149 3090 per
1157 3032 1307 3090 potestatem
1318 3029 1476 3087 abstulisset,
1487 3043 1588 3079 sesam

445 3120 524 3169 usque
546 3112 626 3156 aetate
648 3108 680 3155 ud
701 3107 801 3156 Horatii
817 3113 929 3172 tempore
944 3123 994 3158 ser·
1036 3107 1133 3155 tristem
1154 3111 1179 3155 et
1195 3109 1373 3156 conturbatum
1389 3109 1487 3156 domm
1503 3123 1588 3158 rever-

444 3192 546 3234 rsretur
562 3186 688 3250 integrum
704 3200 733 3234 sc
749 3186 881 3235 sincerum.
907 3187 995 3246 Adde,
1036 3185 1106 3241 tisse,
1127 3187 1195 3246 quod
1209 3200 1253 3234 aas
1269 3187 1402 3244 eiusmodi,
1423 3188 1490 3248 quod
1504 3188 1553 3236 sibi
1571 3207 1588 3238 a

445 3267 510 3327 quod
525 3265 615 3329 figline
630 3280 706 3328 opert
721 3279 769 3313 non
789 3267 855 3314 trita
872 3264 936 3313 fiunt
947 3281 995 3314 usu
1034 3267 1151 3323 putreat
1168 3264 1304 3312 uanioribus
1319 3270 1381 3313 esset
1397 3265 1588 3330 relicturumque

446 3343 518 3391 etin
540 3344 653 3393 munibus
675 3344 800 3402 habendo,
824 3345 868 3393 sed
893 3345 995 3393 metallo
1035 3341 1126 3389 solum
1150 3347 1213 3390 esset
1236 3344 1277 3391 uti
1299 3345 1334 3390 ad
1348 3343 1431 3404 festos
1455 3346 1521 3403 dies,
1553 3350 1589 3395 ad

445 3429 549 3471 tuntum.
583 3424 652 3472 Haec
674 3422 810 3471 Bentleins.
840 3421 889 3471 Sed
906 3422 932 3469 in
950 3423 995 3472 tali
1036 3419 1142 3482 hospitis
1163 3422 1310 3480 aduentum,
1336 3436 1353 3468 u
1379 3435 1406 3469 se
1430 3427 1493 3470 esset
1515 3426 1588 3474 abla-

444 3504 531 3552 catiiio
547 3515 597 3550 non
613 3501 885 3565 specteturelegsutie,
907 3515 995 3549 verum
1037 3503 1099 3546 turn.
1126 3498 1190 3547 Ibid.
1209 3499 1246 3548 18.
1273 3501 1372 3549 Pocula
1388 3502 1437 3548 duo
1453 3503 1588 3562 prmaeium,

445 3580 578 3642 antiquitas
594 3588 619 3628 et
634 3594 688 3628 rex.
722 3580 779 3642 Ipse
801 3580 931 3628 Bentleius
947 3580 994 3628 hoc
1036 3576 1162 3625 Mmtarts
1173 3579 1588 3642 manusummcurtifieimfacta.

445 3658 563 3720 agnoscit.
596 3658 743 3721 Exemplis,
758 3673 822 3721 quae
838 3657 994 3716 affert,sddi
1035 3654 1187 3704 Doderlinus
1210 3671 1307 3720 quoque
1332 3671 1415 3720 regem
1436 3659 1589 3708 Euandrum

445 3736 526 3784 multa
540 3743 657 3798 possunt,
674 3753 697 3785 v.
714 3751 735 3784 c.
752 3737 799 3785 hoc
809 3736 908 3786 Horutii
919 3736 993 3788 Setir.
1036 3735 1067 3783 sb
1083 3734 1189 3784 Horatio
1204 3735 1292 3798 respici
1308 3742 1390 3798 putat:
1413 3743 1437 3785 et
1454 3737 1590 3786 discrimen

445 3815 480 3864 II.
498 3829 536 3863 111.
553 3817 593 3864 21.
611 3818 856 3878 quaerereamaham
885 3817 993 3875 Quous-
1035 3812 1101 3861 inter
1117 3815 1231 3861 suasibus
1249 3820 1275 3862 ct
1291 3831 1368 3863 uranu
1380 3817 1471 3864 tritum
1482 3817 1590 3867 Wuste-

437 3895 486 3954 ser
502 3896 547 3942 ilie
562 3897 635 3956 pedes
659 3895 763 3944 lavisset
785 3896 913 3957 Sisyphus
929 3911 993 3944 aere.
1035 3906 1141 3940 mannus
1163 3892 1213 3940 ism
1231 3893 1446 3942 animadverterat.
1480 3894 1591 3946 Praeter

444 3971 565 4020 Horatius
592 3974 668 4022 simul
689 3974 775 4024 irridet
794 3974 884 4023 stultos
910 3989 993 4024 rerum
1036 3984 1065 4018 ea
1080 3970 1230 4033 cogitemus,
1247 3971 1306 4035 quid
1322 3973 1421 4034 poetae,
1441 3976 1591 4035 pracsertim

444 4052 581 4100 istiusmodi
597 4053 755 4116 antiquorum
777 4060 906 4102 amatores.
937 4054 994 4116 Ipse
1035 4049 1398 4114 inserimusibipermittant,
1416 4057 1592 4117 quantumque

445 4146 486 4180 eus
512 4145 563 4179 non
588 4133 674 4196 magni
700 4131 811 4181 faciebat.
846 4134 906 4181 Noa
931 4134 994 4180 asilii
1035 4140 1073 4178 res
1091 4136 1205 4193 augeant.

445 4213 551 4270 talium,
567 4211 627 4258 dicit
643 4212 670 4260 in
695 4210 867 4269 Carminibus,
893 4225 933 4260 res
958 4216 995 4260 est
1071 4211 1125 4256 Aut
1140 4210 1251 4271 positum
1268 4213 1328 4258 ante
1344 4211 1470 4272 meaquia
1485 4210 1593 4272 pullum

444 4296 491 4338 aut
508 4293 609 4339 animus
626 4293 775 4341 deliciarum
792 4285 871 4353 spent.
911 4290 995 4351 Quen·
1035 4290 1062 4337 in
1077 4294 1153 4351 parte
1169 4288 1250 4337 catini
1272 4289 1377 4337 sustulit
1396 4290 1514 4338 'esuriens¹
1550 4290 1592 4340 Si·

444 4376 495 4415 tum
512 4375 596 4416 sutem
612 4375 717 4418 aetutem
735 4368 816 4417 ferunt
832 4381 893 4416 vose
903 4366 995 4417 fictilis,
1036 4366 1095 4415 mile
1111 4367 1254 4430 exemplum
1270 4368 1297 4416 in
1308 4367 1415 4417 Lucisni
1427 4367 1533 4419 Conviv.
1548 4372 1591 4420 43.

444 4444 524 4492 mults
545 4445 571 4492 in
592 4447 703 4496 Musseis
719 4448 843 4496 hodiernis
860 4451 995 4503 testentur,
1036 4444 1052 4504 ἡ
1070 4444 1095 4494 δὲ
1112 4446 1181 4510 ὅρνις
1196 4445 1213 4505 ἡ
1231 4446 1280 4510 πρὸ
1292 4449 1337 4496 τοῦ
1344 4444 1472 4512 Ἕρμωνο,
1487 4449 1592 4512 πιμελε-

445 4537 491 4570 usu
509 4537 606 4586 quoque
622 4525 688 4573 tritu.
720 4525 755 4573 Et
776 4525 834 4587 qnid
856 4524 933 4586 longo
949 4539 996 4571 usu
1037 4522 1113 4589 oripo
1124 4523 1177 4572 -ὁ
1191 4523 1217 4572 δὲ
1226 4525 1363 4588 Ζηνόθεμις
1377 4525 1426 4584 τὴν
1441 4523 1500 4590 παρ’
1515 4526 1592 4592 αὐτῷ
