3542 5634
768 451 1118 521 SATIRARUM

417 647 583 713 illudente
606 664 735 722 senem,
760 639 862 704 comis
885 640 1009 724 garrire
1033 639 1179 720 libellos,

416 753 511 816 Unus
534 749 702 828 vivorum,
727 743 878 808 Fundani
885 768 895 820 3
921 743 1028 807 Pollio
1051 765 1166 827 regom

416 856 515 919 Facta
537 851 643 932 canit,
667 848 749 934 pede
772 854 823 911 ter
844 867 1015 931 percuss03
1040 845 1124 910 forte
1147 866 1225 930 epos
1249 869 1336 928 acer,

417 956 465 1024 Ut
488 977 601 1036 nemo,
625 951 744 1016 Varius
768 948 876 1024 ducit;
901 948 1001 1013 molle
1024 953 1122 1032 atque
1144 948 1288 1012 facetum

416 1058 558 1144 Virgilio
581 1060 769 1121 annuerunt
790 1052 972 1137 gaudentes
995 1073 1069 1116 rure
1094 1051 1264 1116 Camenae.

417 1162 489 1226 Hoc
513 1165 600 1241 erat,
624 1162 758 1242 experto
781 1155 904 1219 frustra
927 1155 1072 1218 Varrone
1093 1153 1236 1218 Atacino

416 1266 528 1349 Atque
550 1260 749 1347 quibusdam
773 1257 867 1339 aliis,
892 1257 1012 1322 melius
1035 1255 1123 1342 quod
1147 1257 1285 1321 scrihere
1308 1279 1457 1342 possem,

415 1367 590 1430 Inventore
613 1362 740 1437 minor3
765 1382 870 1445 neque
893 1381 954 1444 ego
977 1359 1029 1422 illi
1053 1359 1222 1424 detrahere
1245 1360 1352 1424 ausim

418 1469 618 1533 Haerentem
641 1464 742 1549 capiti
765 1485 840 1528 cum
861 1462 970 1526 multa
992 1461 1089 1526 laude
1112 1483 1273 1526 coronam.

416 1573 465 1635 At
487 1569 558 1634 dixi
579 1568 679 1632 fluere
700 1567 788 1631 hunc
810 1565 1031 1647 lutulentum,
1056 1587 1151 1649 saepe
1174 1565 1333 1630 ferentem

418 1673 520 1737 Plura
543 1671 676 1756 quidem
698 1668 846 1733 tollenda
867 1667 1101 1752 relinquendis.
1136 1668 1227 1752 Age,
1253 1690 1393 1752 quaeso,

417 1775 464 1839 Tu
487 1774 572 1838 nihil
596 1774 632 1836 in
654 1793 777 1857 magno
800 1772 916 1836 doctus
939 1770 1148 1854 reprehendis
1172 1771 1338 1836 Homero?

418 1876 477 1941 Nil
494 1877 596 1942 comis
619 1875 737 1960 tragici
760 1880 868 1938 mutat
894 1873 1040 1938 Lucilius
1063 1873 1163 1938 Acci?

372 2013 417 2055 tar
432 2022 475 2056 ore
494 2009 607 2069 placido,
633 2007 725 2063 amico,
744 2006 824 2053 tristi.
863 2002 921 2050 lilo-
961 2003 1052 2050 centias
1064 2001 1256 2052 confunduntur.
1279 2001 1427 2052 conferatur
1440 2016 1511 2064 egre-

371 2085 486 2147 quentia,
497 2091 526 2132 ut
537 2083 635 2142 Suada,
645 2082 746 2140 habitat,
756 2083 825 2130 sedet
841 2081 867 2128 in
879 2095 922 2128 ore
961 2079 1004 2140 gia
1013 2079 1148 2142 disputatio
1156 2081 1264 2130 Bentleii
1271 2083 1303 2128 ad
1314 2082 1392 2144 Epist.
1400 2081 1437 2128 ΙΙ,
1448 2095 1467 2128 1.
1485 2083 1509 2142 6,

371 2169 396 2209 ct
416 2165 497 2211 labris
516 2162 629 2211 dicentis.
664 2162 699 2210 Et
719 2174 751 2208 ne
772 2160 829 2223 quis
850 2165 921 2221 putet
994 2159 1145 2207 Doderlinns
1163 2162 1243 2222 sacta
1264 2167 1360 2217 tuctur,
1377 2160 1467 2222 quibus
1484 2170 1510 2209 et

371 2241 454 2296 minus
479 2249 545 2290 recte
565 2243 683 2290 labellum
699 2240 759 2302 poni
775 2253 821 2302 pro
837 2241 921 2296 labro,
954 2237 1077 2300 facimus
1093 2239 1272 2289 contineantur.

371 2322 463 2383 cogitet
478 2319 607 2369 Iuvenalis
618 2318 692 2367 illud:
708 2320 788 2380 dicito
799 2331 922 2379 corriperer
994 2317 1043 2363 Nil
1067 2319 1143 2365 comm
1171 2322 1264 2380 trucior*
1286 2325 1371 2368 mutat
1391 2320 1511 2367 Lucilius

371 2402 496 2447 labellum.
665 2448 670 2453 ,
961 2393 1042 2441 Acer?
1060 2397 1119 2442 Non
1134 2397 1293 2444 ridelccrsua
1305 2397 1375 2444 Enni
1383 2397 1512 2459 pravitate

407 2479 491 2525 Pollio
506 2492 594 2538 repam
621 2478 702 2525 Facta
719 2476 798 2532 cana,
808 2476 921 2536 ,Μάιον
961 2473 1092 2521 minores?
1122 2473 1234 2522 Lucilius
1264 2475 1342 2536 igitur
1365 2475 1393 2523 in
1419 2474 1509 2524 Satiris

369 2571 494 2617 perciaco.
526 2555 659 2604 Horatium
676 2553 802 2615 scripsisse
817 2551 921 2600 ooniicio
960 2551 1010 2600 suis
1027 2553 1185 2614 reprehendit
1207 2555 1315 2603 Accium
1340 2561 1365 2604 ct
1381 2555 1508 2604 Ennium:

370 2650 458 2696 repam
467 2635 532 2696 sata
556 2636 634 2681 canit.
669 2636 752 2681 Facta
775 2645 865 2694 regum
880 2645 920 2678 ca·
961 2641 1005 2675 cur
1026 2629 1145 2679 Horatius
1167 2632 1274 2680 Accium
1295 2634 1407 2681 nominat
1432 2635 1510 2696 tragi-

371 2717 465 2757 nuntur
487 2711 514 2758 in
530 2709 641 2757 carmine
656 2709 733 2771 epico,
743 2709 811 2771 fcta
826 2709 853 2756 in
869 2717 920 2758 tra-
960 2721 1028 2765 cum,
1057 2709 1104 2757 hoc
1128 2716 1165 2758 est
1191 2713 1455 2773 tropoediopropham,
1481 2720 1510 2761 ut

371 2789 438 2850 gioo;
454 2787 513 2845 fata,
529 2787 694 2845 calamitates,
709 2787 839 2843 miseriae,
856 2802 920 2850 quae
960 2787 1137 2850 interpretatur
1165 2788 1369 2838 commentator?
1422 2792 1511 2839 Nomi·

370 2866 472 2929 regibus
496 2867 644 2914 acciderunt.
678 2865 828 2914 Horkclium
854 2867 920 2915 idem
960 2867 1015 2914 nari
1031 2866 1065 2914 ita
1081 2882 1132 2915 non
1140 2868 1228 2930 potnit,
1240 2869 1289 2916 nisi
1305 2869 1428 2917 exstiterit
1444 2869 1508 2918 eius-

371 2946 504 2994 ooniecisse
520 2947 600 2994 video.
622 2945 738 3007 Apitaius
754 2959 806 2993 non
822 2945 919 3007 accipit,
959 2945 1016 2992 dem
1033 2947 1140 2994 nominis
1156 2948 1242 3009 poita,
1260 2948 1286 2995 in
1304 2948 1353 2996 alio
1369 2949 1508 2998 carminum

371 3025 674 3089 quiafactcconstituunt
690 3027 919 3086 troooedicm,non
959 3038 1049 3085 genere
1065 3025 1201 3082 excellens,
1219 3041 1244 3074 r.
1261 3041 1282 3074 c.
1299 3027 1396 3076 comm.
1424 3028 1509 3076 Exsti-

363 3106 436 3168 sato.
470 3106 554 3154 Multa
578 3106 609 3153 de
625 3119 653 3152 re
673 3105 721 3153 ista
741 3105 791 3152 dici
806 3113 918 3168 possunt,
959 3103 1018 3150 tissa
1028 3102 1114 3150 volunt
1130 3103 1205 3151 huius
1215 3104 1287 3152 Accii
1304 3112 1398 3166 patrem
1424 3104 1509 3154 Sedin

370 3191 394 3232 et
410 3185 462 3232 iam
484 3183 516 3231 ab
537 3184 593 3233 aliis
613 3184 679 3232 dicta
700 3192 765 3232 sunt.
799 3186 920 3246 Quaestio
959 3180 1063 3230 historia
1076 3182 1205 3232 literarum
1222 3185 1392 3234 Romanarum
1408 3200 1459 3234 non
1477 3201 1507 3234 ea

368 3263 451 3311 minus
472 3265 504 3311 ad
525 3265 550 3311 h.
572 3265 589 3312 l,
614 3264 730 3327 pertinet,
758 3279 833 3327 quam
858 3265 918 3327 quid
958 3259 1022 3307 ratio
1043 3261 1114 3308 istius
1137 3263 1207 3310 Accii
1224 3263 1337 3322 habetur,
1353 3271 1381 3311 ut
1397 3279 1508 3327 unquam

369 3345 504 3392 sententiae
520 3343 568 3392 loci
583 3343 722 3392 conveniat
754 3343 806 3391 Vel
817 3358 918 3392 carmen
959 3337 1066 3387 dubitari
1083 3342 1202 3402 potuerit,
1218 3348 1275 3390 uter
1292 3343 1385 3390 Accius
1397 3343 1509 3391 nomina-

368 3423 491 3485 tragicum
507 3423 543 3471 ita
558 3437 615 3471 cum
631 3423 701 3486 spico
721 3421 846 3480 iunctum,
862 3437 917 3485 pos.
958 3423 1034 3464 retur.
1067 3419 1125 3482 Ipse
1142 3419 1261 3468 Horatius
1278 3419 1359 3483 Epist.
1377 3421 1414 3470 II.
1432 3435 1449 3468 1.
1468 3422 1508 3470 56.

368 3502 433 3550 tulat
461 3503 600 3551 discrimen.
638 3500 760 3549 Horatius
788 3515 916 3563 nunquam
958 3509 1015 3544 eum
1040 3499 1075 3546 sic
1099 3500 1168 3562 ponit
1189 3501 1253 3547 inter
1275 3499 1388 3562 antiquos
1410 3500 1508 3561 politas,

369 3581 493 3628 dixissset:
515 3579 598 3629 Pollio
618 3580 684 3627 canit
704 3579 768 3626 facta
784 3593 873 3640 regum
890 3581 916 3628 in
957 3575 1078 3635 Ennium,
1094 3578 1245 3635 Pacuvium,
1263 3577 1407 3626 Afranium.
1442 3579 1508 3628 Satis

369 3656 587 3717 carmmetragiro,
595 3656 690 3704 Varius
702 3656 730 3703 in
742 3658 818 3719 epico.
835 3660 915 3706 Facta
957 3662 1030 3703 notus
1042 3662 1102 3704 erat.
1119 3657 1200 3704 Nemo
1215 3655 1336 3714 Graecus,
1348 3657 1402 3706 siue
1413 3672 1509 3717 caussa,

368 3736 498 3797 proprium
514 3741 551 3782 est
567 3735 644 3796 epico.
669 3734 758 3784 Horat.
782 3737 862 3798 Epist.
883 3739 915 3785 ad
957 3734 1103 3797 Sophoclem
1124 3735 1259 3799 appellavit
1281 3739 1417 3799 tropicam,
1435 3753 1508 3788 nemo

369 3814 472 3862 Pisones
496 3814 536 3864 73.
554 3816 705 3876 Respectus
721 3829 852 3877 rasumque
870 3817 915 3863 da·
957 3814 1084 3862 Romanus
1096 3815 1242 3864 Terentium
1251 3818 1376 3866 comicum.
1396 3817 1508 3880 siquod

368 3908 473 3955 cunque
495 3898 521 3941 ct
546 3893 634 3940 tristia
658 3893 723 3940 bella
757 3893 813 3950 Quo
838 3896 915 3942 scribi
956 3893 999 3942 alii
1015 3895 1110 3952 volunt,
1129 3896 1194 3944 idem
1210 3895 1303 3944 Accius
1324 3903 1348 3944 ct
1370 3899 1509 3946 comoedias

365 3978 467 4034 possem
488 3987 592 4020 oaorem
613 3972 762 4020 monstravit
780 3974 914 4021 Homerica.
955 3973 1065 4034 scripsit,
1096 3974 1179 4022 minus
1206 3988 1303 4038 quoquc
1330 3974 1419 4022 idonea
1444 3985 1509 4025 esset

367 4052 450 4099 Nemo
465 4051 558 4100 dixerit
573 4065 614 4099 rea
629 4055 712 4113 pectas
723 4065 855 4113 raptimque
870 4052 915 4098 du·
956 4067 1050 4110 caussa,
1067 4067 1111 4100 cur
1128 4053 1169 4100 hic
1186 4057 1299 4116 tropicus
1316 4053 1491 4116 appellaretur.

367 4143 472 4195 cumque
501 4145 551 4194 quo
582 4129 655 4178 scribi
684 4137 783 4192 possent
811 4145 916 4179 numero
989 4133 1044 4180 Iam
1069 4131 1180 4180 Lucilius
1207 4138 1291 4180 inurat
1313 4146 1400 4180 versus
1426 4135 1507 4182 Accii.

368 4215 517 4260 momtracit
540 4211 695 4272 Aeschylus.-
717 4217 783 4258 recte
809 4211 914 4258 dixerit:
956 4208 1005 4271 Qui
1022 4224 1108 4258 versus
1129 4210 1201 4259 Accii
1223 4217 1320 4267 mutat,
1341 4211 1383 4259 ille
1404 4214 1509 4276 corrigit

367 4304 415 4350 qao
430 4305 532 4338 nanmo
553 4289 604 4337 fata
619 4302 756 4351 regumque
767 4290 914 4352 ducumque,
957 4296 981 4337 et
997 4290 1124 4347 emendat,
1140 4289 1254 4338 meliores
1271 4290 1340 4347 facit,
1359 4297 1387 4338 ut
1404 4291 1508 4341 arbitra-

367 4366 448 4414 tristia
464 4368 526 4425 fata,
543 4368 616 4416 scribi
631 4374 744 4430 possent,
765 4368 914 4416 monstravit
957 4375 1005 4415 tur.
1038 4368 1080 4416 Ita
1096 4368 1210 4417 Lucilius
1232 4376 1296 4416 esset
1313 4368 1508 4426 Grammaticus,

367 4446 507 4509 Aeschplus
524 4455 548 4495 et
566 4446 707 4509 Sophocles.
726 4448 806 4495 Facta
818 4456 842 4495 et
850 4447 914 4510 sata
933 4485 935 4520 ,
957 4446 1117 4494 Aristarchus
1148 4446 1251 4509 aliquis,
1284 4447 1324 4495 vel
1351 4447 1430 4505 Cato,
1464 4451 1508 4511 qni
