3542 5634
408 567 470 630 118
799 563 1144 630 SATIRARUM

452 751 627 836 Octoginta
649 771 751 814 annos
774 754 891 830 natus,
915 749 968 813 cui
992 748 1138 832 stragula
1159 747 1281 830 vestis,

453 854 637 918 Blattarum
660 876 696 919 ac
721 853 883 918 tinearum
906 853 1038 938 epulae,
1062 856 1229 937 putrescat
1251 851 1286 915 in
1309 873 1399 917 arca:

451 957 617 1022 Nimirum
640 957 776 1023 insanus
800 956 912 1042 paucis
934 956 1100 1038 videatur,
1124 977 1162 1021 eo
1185 955 1272 1040 quod

452 1061 598 1135 Maxima
620 1083 695 1146 pars
719 1059 891 1125 hominum
913 1061 1026 1124 morbo
1049 1060 1188 1124 iactatur
1209 1059 1331 1124 eodem.

451 1164 555 1229 Filius
579 1171 637 1229 aut
660 1163 759 1229 etiam
781 1163 860 1228 haec
884 1163 1020 1228 libertus
1043 1168 1081 1227 ut
1103 1163 1214 1228 ebibat
1236 1163 1346 1245 heres,

450 1268 510 1333 Dts
533 1267 665 1333 inimice
689 1289 804 1350 senex,
829 1267 996 1333 custodis?
1015 1303 1061 1316 ——
1083 1267 1133 1331 Ne
1156 1266 1216 1332 tibi
1240 1266 1343 1332 desit?

452 1369 655 1451 Quantulum
680 1370 768 1434 enirn
791 1391 939 1435 summae
961 1369 1101 1434 curtabit
1123 1369 1260 1455 quisque
1282 1368 1425 1452 dierum,

449 1474 580 1559 Ungere
603 1474 632 1538 si
655 1473 763 1538 caules
788 1473 857 1538 oleo
880 1472 1014 1537 meliore
1036 1477 1199 1557 caputque

450 1577 599 1662 Coeperis
624 1577 754 1662 impexa
776 1577 908 1642 foedum
930 1576 1115 1663 porrigine?
1161 1576 1281 1660 Quare,

451 1679 486 1746 Si
510 1679 639 1766 quidvis
664 1679 744 1745 satis
769 1685 834 1764 est,
858 1680 1022 1766 periuras,
1048 1679 1203 1765 surripis,
1227 1680 1333 1746 aufers

448 1783 621 1869 Undique?
666 1783 745 1848 Tun'
771 1786 889 1849 sanus?
934 1784 1098 1869 Populum
1121 1784 1149 1849 si
1171 1784 1302 1850 caedere
1323 1783 1410 1848 saxis

449 1886 591 1972 incipias
616 1907 784 1970 servosve,
809 1892 866 1951 tuo
890 1909 969 1972 quos
993 1909 1076 1960 aere,
1088 1887 1228 1973 pararis,

449 1991 607 2056 Insanum
630 1996 663 2057 te
687 2013 799 2056 omues
822 1991 915 2076 pueri
938 1991 1144 2076 clamentque
1166 1991 1309 2077 puellae:

448 2094 556 2173 Quum
579 2095 694 2180 laqueo
717 2117 851 2160 uxtirem
874 2095 1036 2160 interimis
1059 2102 1262 2180 matremque
1283 2117 1425 2178 veneno,

448 2197 610 2262 Incolumi
624 2197 730 2282 capite
746 2200 801 2262 es?
825 2198 911 2278 Quid
928 2199 1036 2262 enim?
1055 2199 1169 2283 Neque
1180 2204 1217 2262 tu
1227 2199 1288 2263 hoc
1299 2198 1379 2263 facis
1397 2199 1516 2284 Argis,

446 2300 513 2365 Nec
536 2300 619 2365 ferro
643 2309 681 2366 ut
703 2301 836 2367 demens
859 2301 1052 2386 genitricem
1076 2301 1195 2367 occidis
1220 2301 1358 2368 Orestes

446 2403 501 2468 An
524 2408 561 2467 tu
583 2403 662 2468 reris
686 2426 761 2468 eum
783 2403 889 2469 occisa
911 2403 1072 2470 insanisse
1094 2410 1247 2490 parente,

446 2507 584 2572 Aenon
607 2511 683 2572 ante
705 2507 801 2572 malis
826 2507 1011 2572 dementem
1034 2514 1144 2572 actum
1168 2507 1292 2590 Furiis,
1317 2531 1414 2594 qnam

448 2610 488 2674 In
510 2610 625 2676 matris
648 2611 763 2696 iugulo
778 2610 900 2675 ferrum
923 2611 1076 2697 tepefecit
1098 2613 1249 2676 acutum?

450 2713 537 2792 Quin
561 2736 601 2779 ex
624 2735 687 2798 quo
711 2719 761 2778 est
783 2713 915 2779 habitus
939 2714 1025 2779 male
1048 2719 1139 2779 tutae
1161 2714 1282 2780 mentis
1307 2713 1456 2796 Orestes,

403 2913 436 2960 m
459 2912 623 2962 incubantem.
658 2912 817 2970 stramentis,
847 2927 879 2960 ne
904 2913 950 2960 isto
989 2914 1105 2961 cotardo
1121 2918 1191 2971 tuta,
1212 2920 1251 2971 et,
1268 2916 1296 2962 iu
1312 2929 1360 2976 quo
1375 2916 1457 2962 onmia
1474 2918 1535 2967 haec

404 2991 503 3055 quidem
528 2992 626 3041 nomine
651 2993 741 3055 dignis.
778 2992 860 3040 Valde
887 2992 949 3040 mihi
989 2999 1062 3050 aaut,
1085 2994 1108 3040 ia
1129 3009 1160 3040 ec
1182 2999 1233 3041 toto
1256 2999 1326 3042 tutus
1345 3001 1394 3042 est.-
1413 3003 1442 3043 ut
1462 3001 1535 3044 tatur

403 3071 494 3120 arridet
503 3071 615 3120 Horkelii
622 3074 769 3121 stramentis
777 3074 876 3121 incubet
883 3074 949 3120 uda.
990 3071 1040 3120 fere
1061 3072 1160 3134 perinde
1181 3071 1212 3119 sit
1233 3086 1262 3119 se
1284 3087 1374 3131 sonus,
1393 3074 1533 3124 incolumia

404 3152 470 3212 quod
486 3153 626 3201 Meinelrins
643 3153 741 3216 recepit.
989 3149 1070 3200 Credo
1086 3151 1206 3214 equidem.
1239 3152 1306 3200 Nam
1327 3151 1353 3198 in
1370 3152 1464 3215 seriptis
1481 3167 1532 3202 me·

438 3231 588 3281 Dodcrlinus
605 3246 662 3279 cum
679 3231 781 3294 Apitzio
798 3231 885 3294 respici
903 3246 948 3293 pu·
989 3231 1117 3288 dicorum,
1142 3232 1172 3279 de
1198 3234 1341 3280 valetudiue
1364 3232 1532 3295 loquentium,

403 3321 439 3362 tat
455 3327 552 3370 senem,
568 3319 654 3359 uotum
671 3325 700 3359 eo
717 3319 948 3373 temporeavarum,
989 3315 1061 3358 tutus
1089 3310 1226 3358 necessario
1254 3310 1378 3372 significat
1405 3318 1490 3360 tutum
1515 3330 1534 3362 a

403 3395 446 3456 qui
462 3399 521 3441 tuuc
537 3406 630 3440 annum
642 3391 727 3440 aetatis
738 3390 948 3453 septuagesimum
989 3390 1086 3437 morta.
1120 3388 1169 3438 Sed
1190 3396 1257 3438 tutus
1277 3403 1321 3452 per
1341 3404 1368 3438 se
1387 3404 1438 3438 non
1453 3399 1535 3454 potest

403 3485 495 3520 nouum
512 3471 592 3534 ipsum
609 3471 759 3534 impleverat.
793 3470 833 3517 Ita
848 3483 949 3533 quoque
988 3467 1128 3531 significare
1144 3485 1247 3527 eanum,
1268 3469 1350 3518 minus
1372 3471 1486 3520 etiamsi
1501 3475 1534 3521 de

403 3550 490 3612 accipit
505 3550 559 3610 illa,
577 3552 646 3599 mille
662 3553 745 3608 eodm,
760 3551 825 3597 sitit
843 3556 892 3608 ert,
909 3557 949 3599 ter
988 3554 1069 3598 mente
1080 3549 1169 3611 agitur.
1186 3549 1320 3613 Eleganter
1329 3550 1424 3598 dictum
1436 3559 1486 3608 est,
1497 3552 1533 3600 ait

402 3635 502 3678 rentum
518 3627 639 3686 millibus,
657 3629 673 3676 i.
690 3643 710 3676 e.
728 3641 846 3676 numerus
863 3637 948 3677 rotun·
987 3627 1532 3687 nauclerusmautataeutmaasam.con-

404 3709 450 3755 dus
467 3709 537 3756 mille
552 3706 614 3755 nihil
632 3714 681 3765 est,
697 3721 757 3769 prae
773 3720 878 3755 numero
889 3722 949 3756 vero
987 3707 1112 3765 cederem,
1129 3709 1149 3756 si
1165 3717 1281 3770 ageretur
1296 3709 1328 3757 de
1344 3712 1435 3758 auertit
1445 3710 1531 3770 animi,

405 3792 444 3835 ter
460 3792 559 3836 centum
575 3787 695 3834 millibus.
987 3800 1051 3849 quse
1072 3794 1136 3836 esset
1153 3787 1295 3836 morborum
1312 3789 1415 3837 istorum
1432 3805 1532 3850 musra,

438 3865 607 3916 Sereosretao
618 3881 678 3928 ques
689 3882 746 3916 aere
754 3869 865 3930 peruris.
880 3867 948 3917 Olim
988 3867 1047 3930 quid
1063 3868 1094 3916 td
1110 3868 1232 3916 cavendos
1248 3876 1273 3916 et
1289 3869 1410 3917 sanandos
1427 3869 1532 3929 feceret,

402 3945 530 4010 legebatur
550 3959 660 3995 amotae
682 3951 744 3994 taos.
777 3945 949 3996 Pulcherrima
988 3953 1016 3994 ut
1037 3962 1105 3995 meua
1126 3954 1203 4004 esset,
1227 3947 1310 4006 lieret,
1333 3956 1444 3997 maneret
1465 3955 1531 3998 tuta.

404 4025 541 4075 emendatio
557 4023 658 4072 debetur
680 4025 712 4073 Τ,
731 4024 825 4083 Fabro,
847 4026 949 4075 laudata
990 4026 1062 4074 Tunc
1082 4041 1172 4075 sanam
1190 4026 1297 4089 intelligi
1312 4042 1350 4076 res
1367 4028 1421 4090 ipss
1436 4035 1461 4076 et
1476 4042 1533 4076 sen-

404 4114 429 4156 et
445 4112 542 4168 recepta
559 4119 574 4151 a
590 4103 701 4153 Bentleio
718 4111 743 4152 et
760 4104 812 4152 tuiis
828 4107 948 4154 omnibus.
988 4105 1067 4154 tentia
1090 4107 1185 4155 docent.
1222 4108 1302 4155 Nemo
1331 4115 1414 4156 autem
1440 4108 1532 4156 dixerit

403 4184 475 4234 Idem
499 4185 651 4234 reddendum
677 4184 782 4233 arbitror
806 4185 898 4234 Plauto
923 4187 949 4234 in
990 4191 1047 4233 tuta
1063 4199 1132 4233 meru
1146 4185 1288 4248 simpliciter
1299 4200 1342 4248 pro
1353 4202 1424 4234 sana.
1449 4187 1533 4235 Menti

405 4264 512 4314 Mostell.
529 4264 550 4312 Ι.
568 4277 605 4312 111.
623 4264 663 4312 48.
697 4266 782 4314 Solam
798 4265 841 4313 iiie
856 4269 950 4315 meruli
989 4267 1154 4316 malesanae
1178 4265 1308 4327 opponitur
1329 4267 1388 4314 tene
1408 4281 1485 4327 sana,
1502 4275 1532 4315 ut

405 4347 453 4394 att
468 4360 511 4394 suo
533 4345 654 4392 liberavit.
689 4345 795 4406 Legum:
822 4359 867 4392 suo
892 4361 949 4394 aere
990 4343 1063 4393 Satir.
1079 4344 1101 4392 I.
1118 4359 1157 4393 rx.
1173 4346 1214 4393 44.
1247 4346 1383 4395 Maecenas
1391 4361 1533 4406 paucorum

404 4424 525 4471 liberavit.
989 4426 1114 4472 ircmiaum
1130 4430 1155 4474 et
1171 4426 1333 4476 mentis-bene
1345 4439 1428 4473 sanae.
1450 4425 1531 4473 Hora-

440 4503 512 4550 Muie
533 4508 602 4550 tutae
619 4505 709 4551 mentia
733 4504 840 4552 Orestes.
873 4504 948 4552 Beut-
988 4503 1036 4551 tius
1058 4519 1184 4567 uunquam
1206 4504 1343 4567 scripsisset
1358 4505 1447 4552 mentis
1472 4507 1532 4553 bene

409 4581 469 4629 leius
486 4581 659 4643 interpretatur
676 4597 708 4629 ex
720 4581 804 4640 Celso,
828 4582 868 4643 qui
885 4581 947 4629 dixit
990 4588 1073 4642 tutae,
1095 4585 1115 4631 si
1133 4585 1302 4634 Maecenatem
1319 4583 1421 4631 laudare
1439 4582 1531 4630 voluis-
