3542 5634
417 505 458 566 or
519 458 524 466 ⁴
803 505 1159 574 surrauuuu

460 688 579 753 Incedo
603 689 709 771 solus,
734 697 906 774 percontor
929 694 1044 778 quanti
1070 693 1141 759 olus
1167 716 1203 759 oo
1228 696 1293 760 far:

459 792 625 856 Fallaoem
651 792 782 857 Oiroum
805 794 1092 881 vespertinumque
1116 818 1243 882 pererro

462 898 564 981 Saepe
586 894 710 978 iorum,
735 896 861 962 adsisto
883 898 1020 981 divinis,
1046 899 1122 966 inde
1145 901 1281 965 domum
1305 923 1358 966 me

456 1000 511 1064 Ad
533 997 620 1084 porri
643 1001 678 1062 et
699 998 812 1064 ciceris
834 999 937 1065 refero
961 1000 1137 1086 laganique
1160 1002 1317 1068 catinum.

460 1103 568 1169 Coena
590 1100 798 1165 ministratur
820 1101 930 1186 pueris
954 1102 1075 1185 tribus,
1101 1109 1134 1168 et
1157 1104 1242 1190 lapis
1266 1105 1362 1170 albus

458 1205 582 1270 Pocula
605 1227 680 1268 oum
698 1204 817 1287 cyatho
837 1204 903 1270 duo
926 1206 1083 1290 sustinet,
1107 1207 1218 1273 adstat
1239 1208 1375 1274 echinus

455 1310 561 1390 Vilis,
583 1331 658 1373 cum
681 1315 794 1394 patera
816 1315 949 1394 guttus,
975 1310 1144 1397 Campana
1167 1314 1325 1398 supellex

458 1412 585 1477 Deinde
609 1432 646 1475 eo
665 1410 862 1495 dormitum,
887 1434 953 1478 non
979 1413 1159 1497 sollicitus,
1182 1416 1265 1480 mihi
1289 1417 1377 1502 quod
1401 1439 1471 1482 cras

459 1516 666 1600 Surgendum
683 1514 735 1578 sit
757 1536 869 1599 mane,
897 1515 1065 1583 obeundus
1088 1517 1236 1602 Marsya,
1260 1521 1316 1606 qui
1339 1542 1375 1586 se

349 1629 362 1652 ‘
457 1619 598 1684 Vultum
621 1618 704 1683 ferre
723 1625 825 1703 negat
848 1621 1029 1684 Noviorum
1051 1642 1148 1706 posse
1171 1622 1318 1688 minoris.

457 1723 511 1787 Ad
536 1727 686 1809 quartam
712 1721 818 1801 iace03
851 1729 929 1808 post
951 1723 1036 1789 hano
1056 1746 1174 1809 vagor,
1200 1731 1257 1790 aut
1281 1747 1358 1811 ego,
1381 1725 1466 1792 lecto

455 1828 527 1891 Aut
547 1826 683 1911 scripto,
709 1825 796 1911 quod
818 1847 871 1890 me
897 1826 1035 1892 tacitum
1058 1809 1164 1910 iuvet,
1188 1850 1294 1913 ungor
1319 1829 1425 1912 oliv0,

457 1931 533 1995 Non
557 1952 621 2016 quo
644 1929 805 1995 fraudatis
828 1920 1020 1995 immundus
1045 1929 1149 1996 Natta
1171 1931 1322 1997 lucernis.

457 2035 521 2099 Ast
544 2034 602 2098 ubi
625 2055 678 2098 me
701 2032 825 2098 fessum
851 2033 901 2098 sol
924 2033 1028 2098 aorior
1050 2033 1096 2098 ire
1117 2035 1265 2100 lavatum

455 2137 654 2219 Admonuit,
679 2137 772 2222 fugio
796 2136 958 2222 Campum
978 2137 1154 2222 lusumque
1176 2138 1349 2223 trigonem.

384 2306 386 2309 ,
455 2244 600 2308 Prausus
623 2263 690 2305 non
716 2240 829 2321 avide,
851 2244 1012 2325 quantum
1037 2240 1226 2326 interpellet
1248 2242 1341 2307 inani

454 2347 577 2411 Ventre
598 2344 686 2409 diem
711 2343 842 2427 durare,
863 2343 1063 2410 domesticus
1089 2345 1180 2410 otior.
1231 2346 1321 2412 Haec
1343 2352 1394 2410 est

454 2449 534 2514 Vita
560 2448 743 2514 solutorum
765 2446 886 2512 misera
907 2447 1087 2514 ambitione
1107 2449 1281 2535 gravique3

454 2553 517 2618 His
541 2574 594 2618 me
615 2551 764 2617 consolor
785 2551 949 2617 victurum
974 2551 1125 2635 suavius,
1147 2575 1184 2618 ae
1208 2553 1237 2618 si

455 2656 614 2736 Quaestor
634 2677 714 2720 avus
736 2659 830 2739 pater
849 2661 948 2740 atque
963 2676 1055 2720 meus
1079 2660 1281 2741 patruusque
1305 2655 1431 2725 fuisset.

410 2863 456 2897 nus
479 2863 511 2896 eu
532 2847 672 2896 coniectura
687 2845 795 2908 reposuit
811 2846 900 2893 multis
917 2851 955 2894 at·
975 2859 978 2900 ι
995 2845 1075 2907 Epod.
1085 2844 1175 2894 XVII.
1202 2847 1366 2908 Vespertiuus
1377 2847 1553 2911 circumponit

408 2944 456 2990 que
477 2929 542 2976 aliis,
581 2926 687 2976 Orellius
710 2924 849 2973 annotarit:
872 2924 957 2983 „Sane
997 2939 1074 2973 ursus
1090 2925 1160 2973 ovile.
1194 2924 1268 2974 Satir.
1285 2925 1308 2973 1.
1326 2939 1368 2973 111.
1384 2926 1438 2977 117.
1450 2928 1496 2988 qui
1509 2943 1551 2976 uo·

407 3014 493 3056 contra
517 3021 591 3055 usum
615 3006 746 3069 vulgarem
770 3004 829 3052 dicit
849 3005 958 3052 millibus
997 3009 1104 3052 sturnus
1126 3018 1201 3052 socru
1223 3006 1317 3068 tenerit.
1334 3005 1370 3054 11.
1388 3019 1426 3054 rr.
1446 3005 1484 3056 17.
1521 3007 1553 3055 Si

407 3089 467 3137 aliis
482 3102 528 3150 pro
543 3088 612 3136 mille
626 3087 692 3136 aliis.
725 3083 807 3132 Nimis
823 3081 958 3130 infinitese
997 3083 1154 3144 vespertinus
1164 3084 1247 3132 subito
1259 3089 1283 3133 te
1293 3086 1445 3146 oppresserit
1454 3085 1551 3148 bospes.

406 3181 464 3214 cum
480 3169 550 3216 mitte
565 3167 626 3215 alias
641 3165 763 3214 conferret
774 3163 800 3211 iu
811 3161 900 3225 quibus
912 3175 955 3223 po·
997 3161 1033 3209 11.
1051 3175 1089 3210 vr.
1106 3161 1146 3210 99.
1164 3163 1261 3210 nweuiu
1277 3164 1396 3212 nocturni
1407 3165 1550 3226 subrepere.

407 3252 488 3294 terant
504 3259 557 3293 esse
577 3246 706 3303 cardones,
729 3257 780 3292 non
801 3243 885 3290 addito
908 3240 957 3303 epi·
997 3241 1032 3288 Et
1049 3241 1084 3288 sic
1100 3239 1142 3288 alii
1158 3241 1303 3303 praesertim
1320 3240 1347 3288 in
1363 3243 1481 3304 temporis
1503 3258 1548 3292 no·

407 3325 487 3373 theto:
498 3324 572 3388 longe
582 3338 622 3372 me
633 3322 852 3387 opulentioribus.“
874 3320 958 3368 Erunt
997 3318 1077 3377 tione,
1098 3325 1127 3367 ut
1148 3318 1238 3370 Graeci
1254 3320 1356 3384 χθιζὸς,
1375 3319 1549 3385 πανημέριος,

407 3404 522 3462 fortasse,
540 3404 584 3468 qui
600 3403 646 3451 hoc
662 3418 695 3452 ex
711 3402 765 3464 ipsa
780 3399 903 3450 sententia
919 3413 956 3448 se·
998 3398 1156 3462 παννύχιος,
1174 3403 1296 3463 τριταῖος.

406 3485 450 3548 qui
465 3490 561 3548 putent.
595 3483 729 3533 Horatium
752 3481 878 3544 scripsisse
899 3493 956 3526 eou-
1030 3480 1095 3527 Post
1107 3480 1172 3528 banc
1182 3493 1259 3541 ιάροτ
1269 3484 1316 3527 uut
1327 3494 1369 3542 epo
1380 3481 1450 3528 lecto.
1468 3477 1551 3528 Unice

405 3564 470 3612 iicio:
504 3564 683 3625 Nobilibusquc
699 3563 759 3610 aliis
775 3563 836 3610 uiuo.
870 3558 956 3609 anl-
976 3560 1057 3605 lvere
1073 3563 1110 3607 est
1127 3557 1250 3605 distinctio
1266 3556 1424 3608 Bentlciana:
1437 3571 1512 3621 quam
1525 3566 1551 3609 at

405 3641 492 3690 ludere
515 3641 631 3688 ridentur
655 3638 733 3689 MSS.
758 3639 786 3687 in
809 3637 902 3702 quibus
917 3644 956 3688 est
996 3635 1137 3684 Meinekius
1162 3637 1325 3686 commendat.
1367 3636 1407 3685 De
1433 3636 1549 3686 ablativis

405 3722 520 3779 milibus,
537 3727 562 3768 et
577 3720 602 3767 in
619 3734 671 3768 uno
687 3719 818 3767 militibus.
997 3715 1049 3764 istis
1081 3715 1239 3764 conferuntur
1269 3716 1413 3778 interpretes
1442 3717 1474 3764 ud
1503 3717 1550 3767 Sil.

442 3800 667 3862 Vespertiuumquc
682 3811 785 3858 pererro
821 3796 901 3857 Saepe
912 3795 955 3858 fo·
996 3794 1052 3842 Ital.
1078 3795 1153 3844 XIV.
1173 3795 1214 3846 97.
1241 3801 1266 3842 et
1289 3793 1357 3844 Cort.
1377 3797 1409 3843 cil
1437 3795 1551 3846 Sallustii

404 3895 468 3928 rum.
491 3877 583 3927 Melius
594 3875 730 3925 arbitrabor
739 3875 956 3937 uesperttuusque,
996 3874 1091 3923 Hister.
1109 3874 1144 3924 V.

380 3958 471 4022 -quod
487 3956 552 4006 idem
568 3956 672 4005 coniecit
687 3953 841 4012 Lambinus,
859 3952 953 4001 cudens
1035 3953 1161 4010 Quaestor
1186 3968 1260 4011 occu,
1284 3959 1362 4016 puter
1387 3960 1464 4018 utque
1480 3971 1550 4006 nicus

403 4023 487 4087 tumen
504 4036 567 4085 nihil
583 4036 689 4094 referre,
704 4040 763 4082 utro
776 4033 851 4082 modo
861 4030 954 4094 legere·
995 4038 1155 4096 patruusque
1164 4033 1269 4093 suisset.
1304 4033 1348 4082 Me
1365 4033 1458 4091 iudice,
1476 4036 1550 4097 potita

402 4127 450 4167 tur.
489 4118 664 4178 Vespertiuus,
682 4115 768 4171 eredo,
791 4119 829 4162 cst
845 4112 953 4176 exquisi·
994 4111 1131 4175 elegantius
1148 4111 1297 4175 scripsisset:
1324 4113 1449 4171 Quaestor
1471 4129 1550 4172 actu,

402 4198 464 4255 tius,
493 4194 623 4258 magisque
650 4210 682 4243 ex
711 4208 780 4245 more
806 4193 953 4243 Horatiano.
993 4197 1146 4256 praetorque
1160 4197 1238 4254 puter
1251 4197 1413 4254 patruusque
1423 4191 1533 4254 fuisset.

892 4382 1056 4411 -.αρ’-ι-

1673 581 1677 806 Ι

1678 1585 1681 1676 i

1681 2001 1682 2044 i

1682 2505 1684 2524 r

1680 2781 1686 3054 1

1685 3273 1686 3324 i

1684 3671 1686 3706 r
