3542 5634
413 533 474 594 let
825 530 869 592 ll.
916 546 1042 591 snmus
1068 546 1129 590 vn.

322 767 325 774 Δ
409 715 445 762 tto
463 716 488 762 tn
506 716 563 763 arte
580 719 709 762 ter-raram
727 715 838 762 arbitros
854 713 1147 773 accipientemque,
1173 727 1280 773 quoram
1302 720 1367 762 autu
1389 732 1462 764 anm
1480 734 1546 766 susst-

408 799 478 841 taras
493 794 664 856 positurosque
680 795 809 842 Romanos
826 807 883 841 esre.
918 791 1004 840 Multo
1025 789 1169 839 invidiosius
1189 800 1227 839 est
1243 808 1316 854 aqere
1332 797 1452 854 arbitros,
1470 812 1546 860 quam

407 872 526 920 arbitria.
559 872 617 933 Quo
633 870 790 926 invidiosius,
808 871 853 919 hoc
870 869 952 933 magis
969 870 1027 918 huie
1043 870 1148 918 orationi
1165 871 1287 921 convenit.

821 1006 878 1048 11.
914 996 1051 1048 SATIRA
1067 998 1130 1047 VII.

456 1111 487 1162 P.
508 1114 562 1162 tet.
598 1112 705 1162 Clavum
722 1118 751 1160 ut
769 1117 881 1160 mutaret
897 1113 925 1160 in
943 1113 1025 1160 torae
1060 1112 1139 1161 Acro:
1159 1114 1252 1175 „Quasi
1269 1116 1307 1163 sui
1324 1118 1441 1180 propositi
1453 1119 1544 1181 guber·

406 1199 486 1240 nator.
522 1194 628 1242 Clauum
644 1199 726 1241 autem
744 1199 787 1240 aut
803 1191 870 1239 vitae
886 1198 931 1238 sut
947 1197 1096 1254 purpurue.“
1131 1193 1186 1241 lam
1211 1193 1271 1242 olim
1296 1195 1372 1258 igitur
1392 1199 1544 1248 dubitatum.

407 1271 472 1320 Mihi
489 1274 575 1321 clavus
591 1274 658 1322 uitae
674 1271 762 1334 placet.
798 1270 958 1320 Gubernator
974 1270 1001 1318 in
1017 1278 1117 1333 portum
1134 1273 1220 1321 tendit.
1254 1274 1294 1322 Eo
1310 1274 1422 1333 clavum,
1444 1285 1469 1327 et
1498 1293 1545 1341 per

406 1351 518 1410 clavum,
534 1365 634 1399 cursum
651 1350 745 1413 dirigit.
778 1351 859 1400 Tenet
875 1348 975 1397 clavum
992 1357 1017 1397 et
1032 1363 1134 1398 cursum
1149 1358 1258 1409 rectum,
1274 1367 1325 1402 nou
1341 1362 1434 1414 mutat,
1450 1357 1498 1404 sibi
1515 1358 1543 1405 iu

405 1433 512 1496 regendo
528 1437 629 1480 constat
662 1430 761 1478 Ennius
778 1431 816 1478 ed.
833 1428 947 1478 Merulae
962 1444 987 1490 p.
1004 1430 1060 1478 tol.
1100 1433 1138 1479 Ut
1153 1433 1252 1480 clarum
1269 1439 1365 1482 rectam
1382 1440 1480 1484 teneam
1496 1453 1544 1484 aa·

404 1513 503 1574 unique
517 1514 656 1574 qubernem.
691 1508 798 1570 Quintil.
816 1508 899 1556 Iustit.
916 1507 1036 1558 Oratil.
1051 1510 1088 1560 17.
1123 1507 1392 1572 Ii'arnetqabernatcr
1403 1516 1544 1564 uuttsatua

404 1607 467 1641 nare
482 1593 510 1640 in
526 1597 626 1655 portum
641 1591 779 1651 peruenire.
805 1590 834 1637 Si
851 1593 935 1636 tanuen
953 1593 1101 1649 tempestate
1109 1588 1198 1650 fuerit
1213 1592 1347 1653 abreptus,
1363 1608 1414 1642 nan
1429 1596 1485 1643 ideo
1496 1599 1542 1645 mi·

404 1686 453 1720 nus
461 1670 519 1734 suit
535 1673 699 1733 puberuator,
722 1670 833 1730 dicitque
853 1672 942 1715 uotum
962 1668 1042 1715 iliud:
1068 1669 1146 1725 ,ptum
1170 1670 1269 1718 clavum
1296 1676 1394 1722 rectum
1419 1678 1543 1724 teneam.“

409 1751 446 1798 Ut
461 1752 560 1800 clavum
575 1753 684 1806 rectum,
709 1747 756 1804 ita,
772 1747 859 1804 credo,
876 1746 1001 1794 usitamnt
1016 1747 1101 1795 norim
1122 1753 1229 1806 rectam,
1251 1751 1317 1811 quod
1339 1751 1389 1799 iem
1411 1753 1541 1816 attigimus

403 1829 434 1875 ad
451 1844 475 1892 p.
495 1829 550 1878 124.
583 1828 678 1875 Notum
695 1833 733 1875 est
749 1825 908 1888 proverbium
924 1840 1066 1888 nunquam,
1085 1825 1217 1887 Neptune,
1239 1829 1304 1878 tanc
1319 1832 1405 1878 nasim
1421 1835 1472 1880 nisi
1487 1849 1541 1883 rec-

403 1913 469 1964 tam,
488 1907 571 1970 ὀρθὰν
588 1907 639 1955 σὰν
655 1907 735 1962 ναῦν,
753 1905 783 1952 de
800 1919 851 1967 quo
868 1902 994 1952 Gesnerus
1011 1903 1042 1950 ad
1059 1903 1075 1952 l.
1087 1903 1104 1951 l.
1121 1903 1282 1964 Quintiliani,
1300 1909 1429 1970 quodiam
1441 1911 1467 1958 in
1479 1911 1540 1962 Sca-

402 1985 525 2047 ligerunis
542 1985 694 2048 explicatum
711 1991 776 2033 erat:
803 1982 988 2046 „Quaecunque
1003 1989 1135 2044 tempestas
1152 1984 1247 2041 veniat,
1263 1985 1393 2049 Neptune,
1409 1990 1432 2037 si
1442 1999 1540 2042 evertas

401 2067 498 2122 navim,
514 2066 602 2114 sedens
618 2064 651 2112 sd
667 2062 866 2126 gubernaculum
882 2075 980 2124 semper
996 2067 1091 2110 rectum
1107 2067 1214 2110 evorte.“
1247 2064 1296 2114 Vir
1311 2080 1420 2128 mugnus
1436 2084 1487 2118 nou
1503 2073 1541 2120 itu

400 2143 504 2207 scripsit.
539 2144 617 2204 Sunt,
633 2149 664 2193 ut
679 2143 761 2192 mtdta
779 2142 806 2189 in
823 2141 965 2190 huiusmodi
981 2140 1065 2202 libris,
1082 2141 1240 2205 negligenter
1256 2145 1329 2193 edite.
1363 2147 1406 2195 Ex
1423 2150 1470 2198 hoo
1483 2166 1539 2213 pro

400 2223 486 2272 verbio
501 2222 650 2287 interpretor
666 2222 752 2273 Plauti
769 2219 866 2284 Epidio.
884 2221 907 2269 1.
927 2234 945 2268 1.
962 2220 1003 2269 69.
1037 2223 1167 2270 Haeccine
1183 2225 1227 2271 reti
1242 2225 1318 2273 scibit
1335 2227 1430 2276 emec?
1439 2233 1540 2292 puppis

400 2306 537 2354 Pasanda
552 2308 590 2351 est
605 2304 687 2365 probe.
722 2300 787 2350 Mihi
809 2300 966 2363 pereundum
981 2306 1024 2348 est.
1059 2298 1109 2349 Sed
1129 2301 1212 2362 peribo
1232 2302 1319 2364 probo,
1347 2306 1444 2364 καλῶς,
1470 2309 1538 2372 Nep-

399 2391 475 2431 tunus
492 2383 556 2432 hene
579 2382 681 2444 puppim
700 2394 751 2429 non
767 2381 816 2428 nisi
842 2388 934 2428 rectem
960 2387 1061 2430 evertet.
1096 2380 1187 2430 Gravis
1212 2382 1278 2430 servi
1303 2385 1395 2444 oratio,
1421 2402 1468 2436 uec
1492 2405 1540 2452 pro

398 2476 482 2521 servo,
499 2469 573 2526 atque
589 2461 644 2509 ideo
662 2458 773 2509 ridicula.
806 2459 931 2522 Polybius
948 2459 983 2508 V.
1006 2460 1047 2508 38.
1070 2460 1101 2508 ds
1125 2458 1272 2519 Cleomene,
1297 2463 1339 2526 qui
1364 2464 1540 2527 εὐθανατῆσαι

398 2541 561 2600 σπουδάζων,
577 2541 619 2589 καὶ
635 2539 712 2605 μηδὲν
728 2539 836 2596 ἀνάξιον
853 2538 990 2604 ὑπομεῖναι
1006 2543 1053 2599 τῆς
1069 2541 1128 2602 περὶ
1145 2541 1227 2590 αὐτὸν
1244 2542 1461 2607 προγεγενημένης
1480 2547 1538 2595 τόλ·

396 2639 459 2684 μης,
476 2620 552 2668 simul
570 2619 695 2683 cogitabat
713 2619 757 2668 illa
777 2619 895 2668 Homeri:
919 2618 963 2677 Μὴ
985 2620 1037 2682 μὰν
1054 2617 1178 2669 ἁσποοόεί
1194 2638 1222 2684 γε
1239 2621 1280 2668 καὶ
1297 2620 1405 2678 ἀκλειῶς
1421 2623 1536 2673 ἀπολοί-

396 2716 458 2762 μην,
476 2698 556 2749 Ἀλλὰ
572 2699 635 2764 μέγα
652 2697 727 2763 ῥέξας
744 2718 768 2748 τι
784 2700 826 2746 καὶ
847 2696 1003 2762 ἐσσομένοισι
1023 2698 1158 2748 πυθέσθαι.
1192 2701 1252 2748 Non
1273 2700 1381 2749 multum
1403 2702 1461 2750 hinc
1483 2704 1537 2753 abit

396 2779 488 2828 dietum
504 2779 653 2841 Vespasiani
670 2779 735 2840 apud
753 2777 855 2827 Suetou.
872 2779 913 2826 24.
947 2777 1129 2840 Imperatorem
1144 2784 1255 2829 stantem
1271 2782 1335 2830 mori
1352 2788 1457 2845 oportet.
1487 2781 1533 2831 Se·

396 2872 456 2906 neoc
472 2858 552 2920 Epist.
567 2857 608 2908 37.
643 2859 724 2906 Recto
745 2858 792 2906 tibi
808 2858 950 2918 invictoque
969 2859 1127 2906 moriendum
1144 2864 1190 2906 est,

444 2938 474 2986 P.
494 2938 548 2987 164.
584 2939 667 2986 Tanto
684 2938 764 2985 lecitu
780 2937 856 2984 miser
873 2951 905 2986 uc
919 2937 992 2998 prior
1009 2938 1060 2986 iile.
1093 2938 1152 2986 Non
1175 2937 1250 2986 laudo
1271 2939 1333 2986 illud
1349 2940 1428 2988 leuius
1445 2942 1535 3000 mism,

395 3018 454 3080 quis
470 3017 554 3078 agitur
570 3016 600 3064 de
618 3013 759 3064 hominibus
776 3014 856 3063 altero
872 3015 900 3062 in
917 3014 984 3062 vitiis
1001 3015 1135 3072 constanti,
1151 3016 1230 3065 altero
1246 3019 1301 3066 leri.
1336 3015 1458 3080 Opposita
1474 3028 1535 3068 suut

358 3107 361 3114 ⁴
394 3103 512 3147 constans
528 3103 553 3145 et
571 3097 643 3152 levis,
661 3100 686 3143 et
702 3096 857 3144 constantior
873 3093 1005 3157 prseoedit.
1038 3095 1159 3143 Horatius
1176 3096 1280 3144 dixisset
1295 3097 1386 3145 melius
1403 3099 1435 3146 de
1445 3101 1534 3148 eodem

395 3174 505 3223 homine:
523 3179 617 3236 quanto
634 3174 791 3223 constantior
807 3174 885 3222 udam
919 3173 954 3219 Iu
971 3174 1056 3230 vitiu,
1075 3179 1147 3221 tanto
1164 3176 1249 3222 tainus
1265 3181 1291 3223 et
1307 3177 1392 3232 mira,
1409 3176 1461 3230 vel,
1479 3184 1535 3225 tam

393 3255 502 3303 nobilius
519 3255 602 3302 miser.
636 3253 737 3301 Priscus
754 3259 791 3301 est
807 3252 897 3307 miser,
913 3250 1064 3300 Volsuerius
1081 3258 1118 3300 est
1135 3252 1217 3300 miser.
1250 3253 1362 3315 Uterque
1372 3261 1464 3316 peccet.
1483 3255 1534 3304 Sed

393 3333 436 3396 qui
453 3333 499 3382 sibi
516 3333 664 3396 inpeccatis
681 3339 788 3388 constat,
806 3331 914 3379 nobilius
932 3337 957 3379 et
977 3330 1065 3379 fortius
1088 3330 1159 3388 facit,
1186 3333 1269 3381 minus
1294 3334 1356 3381 odeo
1381 3333 1457 3382 miser
1482 3343 1534 3393 est,

392 3412 439 3460 sibi
456 3414 555 3476 quidem
572 3420 597 3462 et
613 3412 668 3461 aliis
685 3412 797 3469 videtur,
815 3425 889 3474 quem
907 3409 950 3472 qui
966 3417 1044 3458 natat.
1078 3411 1188 3459 Animus
1212 3419 1238 3459 et
1262 3410 1341 3460 virtus
1362 3408 1484 3474 quaedam
1505 3416 1532 3462 in

392 3491 440 3540 iste
456 3493 594 3541 coustsmtic
610 3492 726 3541 cernitur.
759 3492 795 3541 ut
819 3505 868 3538 non
895 3489 971 3537 sentit
996 3504 1023 3537 ss
1048 3504 1101 3538 esse
1125 3491 1251 3540 misorum.
1286 3489 1414 3540 Gloriatur
1438 3493 1532 3556 magis,

391 3571 463 3633 quasi
480 3573 522 3634 qui
539 3574 636 3620 addest.
669 3570 784 3620 Nobilius
805 3570 879 3616 miser
900 3575 952 3625 est,
973 3570 1116 3630 generosius
1133 3570 1209 3631 perit,
1227 3584 1304 3632 quam
1320 3569 1383 3617 alter
1400 3570 1444 3619 ille
1459 3571 1531 3620 levis.

391 3649 480 3698 Davus
497 3651 583 3698 ueerbe
599 3650 700 3698 iocatur.

440 3729 470 3777 P.
490 3730 544 3777 165.
582 3729 666 3789 Usque
681 3742 784 3776 recuses.
819 3726 921 3775 Couieoi
943 3729 983 3776 ire
1007 3742 1112 3777 recines.
1146 3728 1255 3789 Propius
1280 3729 1311 3774 ad
1336 3743 1412 3790 usque
1437 3731 1530 3778 aoeedit

391 3810 440 3856 isse
456 3821 560 3856 recuses.
594 3805 663 3854 Usm
681 3805 783 3868 perfecti
799 3805 840 3854 vel
857 3819 890 3853 cx
907 3806 1013 3856 Horatio
1029 3813 1110 3855 notus.

439 3887 470 3936 P.
490 3887 542 3935 let.
578 3889 609 3935 Si
624 3901 749 3949 nusquam
770 3902 796 3937 es
805 3887 879 3950 forte
904 3892 1014 3936 uocatas.
1049 3888 1157 3936 Rectum
1181 3901 1279 3948 quoque
1304 3894 1379 3936 esset:
1408 3891 1432 3936 si
1459 3905 1530 3938 nemo

383 3965 457 4028 sorte
473 3969 576 4017 occavit.

439 4046 469 4095 P.
489 4048 543 4098 166.
578 4049 675 4111 Maqna
701 4050 811 4097 blateras
845 4049 954 4097 clamore
974 4048 1104 4111 furisque.
1143 4046 1202 4095 Nou
1228 4047 1358 4110 suqisqae.
1390 4046 1530 4097 Confirmat

391 4125 503 4176 Iuvenul.
521 4129 595 4178 Satir.
613 4129 688 4178 XIV.
706 4129 745 4177 62.
783 4130 836 4178 Hic
862 4129 930 4177 lacet
954 4134 1099 4190 arpentum,
1123 4142 1184 4176 cara
1208 4142 1299 4188 aspera
1327 4132 1423 4189 terqcat
1445 4129 1526 4186 alter,

396 4205 447 4254 Voc
463 4208 559 4257 domim
569 4209 645 4272 furit
661 4210 787 4257 instantis
804 4209 950 4271 virgamque
966 4209 1081 4257 tenentis.

435 4285 466 4334 P.
486 4286 540 4339 167.
576 4287 627 4335 Illa
645 4293 773 4336 tamense
806 4287 866 4335 Nau
882 4287 973 4334 habitu
989 4290 1102 4334 mutatos
1118 4286 1170 4334 laco
1184 4290 1427 4347 peccatcetuperne.
1462 4283 1525 4332 Wit-

387 4361 465 4412 hofius
482 4366 588 4416 Dissert.
605 4365 641 4414 II.
658 4366 689 4413 de
706 4363 812 4415 Distieh.
830 4363 934 4414 Catonis
950 4363 1056 4426 repetita
1072 4364 1099 4411 in
1116 4363 1174 4411 edit.
1208 4363 1298 4411 Amtu.
1315 4361 1388 4424 legit:
1410 4368 1529 4423 peccotce

386 4459 488 4507 sequens
505 4453 529 4495 te
546 4447 561 4494 i.
579 4461 599 4495 e.
617 4459 680 4502 non,
706 4452 734 4492 ut
751 4451 792 4504 tu,
817 4459 849 4492 ox
872 4442 1003 4507 impotenti
1025 4441 1126 4491 libidine
1143 4449 1224 4491 mutat
1240 4441 1354 4490 habitum
1372 4440 1413 4489 vel
1427 4439 1527 4499 locum,

386 4522 500 4573 similitor
516 4525 542 4573 in
559 4526 630 4574 sedes
648 4525 741 4573 alienas
759 4524 883 4586 irrepens,
902 4536 948 4570 nec
966 4528 1063 4585 peceat,
1081 4529 1109 4571 ut
1134 4529 1177 4580 tu,
1202 4535 1299 4583 vagans
1325 4527 1348 4569 ct
1372 4519 1464 4582 passim
1489 4534 1526 4568 se-
