3542 5634
666 505 844 569 LIBER
891 507 934 570 II.
1313 509 1376 570 113

289 691 378 774 „Hic
397 691 486 757 fossa
511 693 716 780 octingena,
746 694 798 760 hic
822 716 919 781 rupes
940 693 1102 770 maxima3
1127 693 1260 759 ιιιιιιιιιιι

287 794 362 858 Non
385 795 491 880 magis
518 796 676 881 audierit,
700 820 799 884 quam
821 798 936 863 Fufius
959 797 1067 863 ebrius
1094 796 1193 879 olim,

287 899 396 978 Quum
420 900 559 966 Ilionam
585 902 742 986 edormit,
767 902 913 968 Catienis
937 902 1030 968 mille
1053 901 1220 967 ducentis:

287 1001 433 1087 „Mater,
458 1009 491 1069 te
513 1005 685 1091 appellol“
710 1006 940 1072 clamantibus.
987 1005 1076 1071 Huic
1100 1026 1160 1090 ego
1182 1004 1301 1089 vulgus

285 1106 395 1171 Errori
419 1109 561 1175 similem
583 1117 737 1176 cunctum
760 1111 903 1177 insanire
925 1110 1053 1176 docebo.

286 1211 415 1278 Insanit
437 1219 560 1280 veteres
584 1220 710 1281 statuas
734 1215 955 1302 Damasippus
978 1215 1132 1282 emendo:

286 1313 420 1400 Integer
439 1323 490 1383 est
512 1317 633 1384 mentis
658 1318 852 1404 Damasippi
875 1318 1036 1384 creditor?
1081 1318 1179 1382 Esto:

287 1417 448 1504 „Accipe‚
473 1420 559 1505 quod
581 1444 749 1508 nunquam
772 1422 886 1487 reddas
910 1421 1038 1505 mihi!,“
1064 1420 1091 1486 si
1116 1419 1177 1484 tibi
1200 1417 1323 1500 dicam,

240 1575 367 1638 tragoedia
375 1573 541 1639 φιλημὴτηρ.“
552 1574 625 1632 Vult,
634 1575 714 1633 credo,
723 1575 784 1622 omi·
825 1574 879 1622 bat:
900 1577 965 1625 Cum
982 1577 1070 1624 Iliona
1086 1576 1186 1624 dormit.
1210 1572 1306 1623 Contra
1321 1572 1369 1620 tor·

240 1670 270 1703 ca
281 1660 362 1704 mater
376 1668 429 1702 esse
440 1655 648 1716 pronuntiandum
657 1662 784 1718 tamquam
824 1654 918 1703 mulam
934 1657 961 1704 in
977 1656 1024 1704 hac
1038 1669 1066 1703 rc
1081 1656 1205 1703 usitatam.

241 1748 326 1782 vocem
359 1733 535 1796 compositam,
562 1735 733 1790 amicantater,
757 1739 785 1781 ut
857 1735 1367 1798 Doderlinusvimcompositiinecquae-

239 1815 299 1878 φίλη
316 1814 397 1880 μήτηρ
414 1813 570 1879 φιλημὴτηρι
587 1829 647 1877 ergo
659 1814 785 1877 iungenda
823 1815 864 1872 rit,
881 1822 910 1863 ιιι
931 1815 1019 1864 Fufius
1044 1815 1105 1863 illud
1123 1816 1213 1863 Mater
1230 1820 1254 1862 te
1270 1813 1368 1876 appello

240 1895 322 1942 amica
332 1899 421 1953 stater,
430 1893 620 1955 nonlegcndum
633 1895 722 1951 amica,
733 1909 784 1942 ma·
825 1895 970 1944 dormiendo
986 1895 1132 1959 neglexerit,
1149 1894 1288 1958 perdiderit.

241 1979 287 2022 ter.
295 1973 446 2036 Porphyrio:
459 1973 567 2032 „Melius
576 1978 613 2020 est
621 1973 785 2034 soeipiamtca
859 1973 973 2023 Catienis
988 1976 1056 2024 mille
1072 1975 1198 2031 ducentia,
1216 1973 1322 2031 „Mater
1342 1976 1367 2018 te

241 2059 337 2108 mater,
362 2058 390 2099 ut
408 2051 439 2099 sit
457 2066 489 2100 ex
506 2051 601 2102 Graeco
617 2059 723 2100 tractum
741 2054 783 2116 st·
824 2055 938 2114 ιηηιιῑὶοα
954 2055 1129 2102 eluctantibus.
1164 2050 1366 2101 commentator:

240 2132 273 2191 λη
287 2131 382 2196 μήτηρ,
399 2146 474 2194 quam
490 2145 534 2194 per
551 2145 577 2179 sc
593 2132 682 2190 amaa,
698 2146 742 2194 per
758 2146 785 2179 se
824 2132 927 2190 „Fufius
943 2131 1031 2180 histrio
1047 2132 1098 2193 egit
1114 2136 1194 2192 partes
1211 2129 1314 2185 Ilionae,
1324 2113 1381 2190 qui¹

240 2211 327 2258 deinde
344 2217 433 2267 canter,
451 2212 510 2273 quia
531 2210 682 2258 mentionem
698 2210 784 2259 uxoris
823 2211 918 2267 ebrius,
942 2211 1002 2258 dum
1027 2209 1083 2257 vult
1109 2208 1227 2256 simulare
1259 2207 1367 2256 Ilionam

241 2289 299 2337 facit
314 2290 339 2337 in
365 2289 545 2352 sequentib11s.“
579 2288 611 2352 Ip
632 2289 677 2337 tali
695 2289 782 2338 affectu
823 2290 995 2348 dormientem,
1011 2289 1133 2352 gravimte
1157 2287 1210 2335 vini
1230 2287 1257 2334 in
1278 2300 1366 2334 verum

241 2370 314 2433 φιἊος
342 2371 520 2435 frequentatur.
562 2372 687 2420 Homerus
712 2386 784 2435 saepe
823 2383 938 2417 somnum
959 2369 1075 2417 inductus
1096 2376 1149 2425 est,
1166 2374 1240 2430 atque
1261 2365 1296 2413 ita
1312 2365 1367 2412 dor-

240 2449 315 2512 μητρί
335 2451 407 2516 φίλη,
426 2451 503 2514 πατρὶ
520 2451 592 2514 φίλῳ.
617 2453 699 2500 Po'ita
715 2454 785 2513 opud
823 2449 908 2506 mirit,
925 2456 953 2498 ιιι
969 2463 1018 2497 non
1035 2447 1132 2496 audiret
1147 2446 1222 2495 etiam
1233 2443 1301 2493 mille
1318 2442 1366 2493 Ca·

242 2527 311 2576 Stob.
340 2529 418 2580 Serm.
443 2529 483 2578 89.
510 2531 544 2587 ὡς
559 2530 615 2579 οὐδὲ
626 2529 707 2596 μήτηρ
723 2531 782 2590 ἡδο·
823 2530 901 2577 tlenos
917 2536 1018 2592 agentes
1034 2535 1116 2591 partes
1132 2526 1178 2574 filii
1193 2524 1325 2587 Polydori,
1342 2531 1367 2571 et

240 2609 289 2664 νὰς
307 2611 377 2666 τοίας
394 2609 458 2673 ἔχει,
484 2609 513 2658 οὐ
538 2608 627 2667 παῖδες
644 2609 783 2674 ἀνθρώπω·
822 2608 982 2658 inclamantes
1005 2615 1110 2657 matrem
1135 2605 1266 2654 Ilionam.“
1291 2610 1365 2666 atquc

239 2703 289 2749 σιν,
307 2689 337 2737 οὐ
354 2689 427 2753 φίλος
449 2687 543 2752 πατήρ.
823 2690 858 2737 ita
881 2689 961 2752 vulgo
983 2689 1107 2752 accipitur.
1140 2683 1291 2746 Doeringius
1308 2695 1366 2730 uc.

272 2766 434 2817 Doderlinus:
443 2771 533 2817 clamet
541 2769 631 2825 amico,
642 2768 730 2816 Mater
740 2771 781 2818 lto·
822 2776 868 2829 „ut
883 2770 952 2819 mille
967 2769 1066 2819 ducenti
1076 2766 1173 2818 Catieni
1184 2764 1290 2812 clamare
1298 2762 1365 2809 vidc-

240 2851 320 2902 nesta‚
336 2861 405 2895 soror
422 2862 478 2895 cum
494 2849 612 2908 cognatis,
628 2853 703 2908 puter
711 2862 782 2896 uror.
822 2852 933 2896 rentur.“
965 2848 1033 2897 Illud
1056 2848 1213 2904 viderentur,
1237 2850 1271 2903 et,
1290 2844 1367 2891 etiam

239 2923 287 2972 ie.
298 2923 387 2972 damet
398 2925 533 2981 emicaret
549 2926 571 2973 si
587 2925 661 2973 scorti
674 2926 782 2974 admoui·
823 2929 892 2976 mille
910 2927 1027 2977 Ostiense
1050 2926 1078 2973 in
1097 2923 1180 2973 verbis
1200 2923 1302 2973 Horatii
1316 2936 1365 2970 non

240 3002 275 3050 tio
286 3002 348 3051 levis
360 3004 481 3060 videatur,
496 3004 604 3052 clament
617 3005 678 3052 adeo
687 3005 783 3052 honesti
822 3012 867 3054 est.
903 3008 960 3054 Non
984 3008 1064 3068 magis
1089 3004 1194 3052 audierit
1214 3017 1291 3065 quam
1314 3002 1366 3050 Fu-

238 3083 483 3139 monitores,mster,
500 3097 579 3141 soror,
597 3083 781 3145 fratrespatcr.
823 3085 883 3142 lius,
900 3084 1073 3146 supplendum,
1089 3097 1165 3144 quam
1180 3080 1271 3130 Fufius
1297 3080 1366 3127 audi-

275 3160 340 3208 Cum
369 3161 479 3209 Ilionam
511 3162 622 3210 edormit.
666 3161 782 3210 Fortasse
823 3165 866 3214 vit.
883 3164 982 3213 Revera
997 3161 1250 3224 clamabant,opincr,
1269 3157 1367 3208 Catieni

238 3239 782 3304 pottacogitabakcumllicnamdormien-
821 3244 890 3292 mille
916 3242 1022 3291 ducenti.
1055 3239 1158 3290 Cationo
1181 3239 1317 3298 clamante,
1342 3246 1367 3286 et

240 3330 290 3369 tem
307 3326 400 3382 ageret,
417 3319 542 3382 crapulam
559 3320 671 3370 edormit.
700 3321 783 3370 Abeo
822 3324 896 3374 Fufio
928 3331 1013 3371 tamen
1044 3334 1160 3370 somnum
1193 3319 1367 3376 continuante,

240 3409 323 3449 tamen
337 3399 455 3462 scriptum
469 3399 624 3463 fuissaputc:
644 3401 709 3449 Cum
721 3403 783 3450 Ilio·
822 3412 982 3468 spectatores,
998 3408 1026 3450 ιιι
1047 3407 1084 3449 cst
1104 3399 1214 3462 lepidum
1231 3412 1322 3460 genus,
1339 3399 1365 3444 in

241 3496 301 3528 nam
326 3480 426 3528 dorrnit.
465 3479 532 3526 Nota
557 3485 614 3528 sunt
638 3479 681 3527 illa
703 3482 784 3528 saltat
822 3485 901 3533 risum
925 3481 1008 3537 effusi,
1034 3480 1129 3544 ingenti
1154 3494 1267 3536 numero,
1291 3476 1367 3525 simul

245 3560 360 3621 Cyclopa,
377 3563 464 3606 θθθηαΐ
480 3560 556 3606 Onam
576 3560 712 3620 Tlltfflltw»
726 3558 782 3616 ³11³,
824 3563 975 3614 clamabant:
1001 3561 1091 3608 Mater
1115 3565 1140 3608 te
1164 3561 1269 3622 appello.
1311 3557 1366 3606 Ali·

241 3637 374 3700 dequibus
391 3635 520 3684 Heindorf.
542 3644 566 3685 ct
588 3637 783 3687 Wustemannus
824 3645 896 3709 quid,
913 3643 972 3692 huie
986 3657 1037 3690 non
1053 3641 1184 3701 dissimile,
1195 3641 1290 3690 Romae
1306 3639 1366 3687 acci-

242 3718 273 3765 sd
290 3715 364 3767 Satir.
381 3717 403 3766 Ι.
420 3730 447 3763 v.
465 3717 503 3765 63.
521 3717 608 3775 Iliona,
625 3725 653 3766 ut
663 3726 701 3766 est
719 3721 783 3782 apud
825 3727 861 3774 dit
877 3732 988 3788 tempore
1006 3722 1111 3773 Galbae.
1144 3720 1275 3771 Suetonius
1296 3719 1367 3770 Galb.

241 3795 392 3854 Pacuvium,
419 3811 502 3846 somno
525 3813 613 3847 aarum
637 3813 784 3862 auspcrwam
828 3807 864 3854 13.
899 3805 1027 3853 Atellania
1058 3801 1216 3851 sarnanum
1241 3799 1366 3850 confisum

242 3879 347 3926 levabat.
379 3877 449 3940 Ergo
465 3881 614 3937 dornriebat,
639 3893 718 3942 neque
735 3879 784 3928 his·
825 3884 937 3934 exorcis:
954 3881 1048 3931 “Venit
1063 3880 1088 3929 io
1104 3879 1236 3930 Onesimus
1252 3895 1268 3927 a
1284 3879 1368 3938 villa,“

242 3957 291 4004 trio
306 3956 422 4006 simulare
438 3963 533 4021 poterat
549 3961 730 4008 edormientem.
751 3961 785 4008 Et
825 3964 911 4014 cuncti
933 3963 1009 4011 simia
1031 3967 1185 4024 spectatores
1204 3961 1370 4008 consentiente

243 4051 328 4092 curae.
344 4052 408 4100 quae
424 4037 531 4086 Ilionam
547 4037 717 4097 sollicitabant,
735 4053 785 4086 non
825 4058 882 4092 occe
905 4043 1029 4104 reliquam
1050 4045 1151 4103 purtem
1167 4040 1322 4094 retulerunt,
1338 4051 1369 4085 uc

244 4118 278 4166 ita
294 4119 476 4174 edornttuntur,
493 4132 539 4165 nac
554 4117 673 4180 Polydori
689 4119 785 4178 umbra,
824 4123 926 4184 saepius
941 4133 1014 4168 vasu
1030 4120 1137 4181 repetito
1152 4123 1262 4179 epotam.

244 4196 352 4245 clamans
371 4194 456 4245 Mater
482 4203 506 4245 te
530 4200 640 4260 appello,
664 4198 785 4247 edormire
859 4201 902 4249 Ex
917 4197 1075 4246 annotatione
1090 4195 1232 4246 Heindortii
1246 4196 1311 4243 hanc
1326 4210 1369 4243 cx·

243 4277 346 4325 sinebat.
384 4274 582 4325 Commentator:
609 4275 690 4336 „Cum
711 4277 786 4326 vellet
827 4279 981 4344 plicationem
989 4291 1040 4326 non
1048 4290 1101 4325 esse
1116 4290 1208 4324 novam
1219 4276 1298 4323 video.
1323 4275 1370 4323 llle

244 4357 350 4405 Ilionam
361 4357 522 4408 dormientem
533 4356 695 4420 exprimere.“
705 4356 785 4406 Acro:
827 4374 878 4408 non
894 4358 992 4415 laudat,
1017 4370 1096 4419 nequa
1120 4369 1205 4404 omnes
1222 4362 1370 4418 spectatores

244 4434 326 4494 „Cum
334 4435 407 4492 vellet
416 4451 470 4484 eam
479 4437 596 4486 simulare
603 4437 786 4486 dormientem.“
828 4439 946 4488 chmesse
964 4444 1047 4501 putat,
1062 4450 1118 4484 cum
1132 4436 1185 4484 sine
1200 4435 1275 4484 dubio
1284 4451 1370 4483 nume·

245 4515 387 4577 Lennepius
404 4515 436 4562 ad
452 4513 588 4564 Coluthum
608 4531 631 4578 p.
651 4516 705 4564 122.
723 4515 787 4578 lege·
829 4533 870 4566 rus
887 4532 973 4566 eorum
989 4517 1075 4566 saltem
1092 4516 1171 4566 decies
1182 4517 1260 4564 maior
1276 4515 1370 4564 musa.

808 4581 810 4588 ’
1218 4600 1237 4662 s
