3542 5634
665 525 846 590 LIBER
891 526 935 590 ΙΙ.
1300 525 1362 587 167

278 715 396 778 Pereat
418 718 490 779 uter
513 717 661 778 nostrum
685 733 777 777 cruce
799 711 953 796 dignius?
998 710 1091 776 Acris
1115 712 1173 777 ubi
1195 735 1247 779 me

276 817 401 882 Natura
424 817 586 898 incendit,
611 815 672 881 sub
695 815 783 880 clara
804 815 894 880 nuda
916 814 1047 880 lucerna

277 921 503 1005 Quaecumque
527 919 653 1004 excepit
675 917 836 1003 turgentis
860 917 992 984 verbera
1014 917 1136 983 caudae

277 1023 436 1090 Olunibus
459 1029 518 1088 aut
540 1021 679 1107 agitavit
701 1043 820 1108 equum
844 1020 966 1086 lasciva
988 1021 1160 1107 supinum,

278 1121 427 1191 Dimittit
447 1149 551 1212 neque
573 1126 735 1190 famosum
759 1146 862 1211 neque
886 1124 1082 1207 sollicitum,
1107 1147 1148 1189 ne

279 1229 386 1295 Ditior
408 1235 466 1294 aut
487 1228 610 1294 formae
632 1225 775 1292 melioris
799 1227 901 1292 meiat
922 1227 1043 1292 eodem.

278 1337 342 1419 Tu,
367 1358 468 1422 quum
489 1335 641 1421 proiectis
665 1333 872 1419 insignibus,
896 1333 996 1399 anulo
1019 1337 1161 1421 equestri

279 1440 488 1525 Romanoque
511 1438 644 1520 habitu,
667 1437 777 1522 prodis
802 1459 842 1502 ex
865 1436 972 1503 iudice
994 1438 1102 1504 Dama
1151 1483 1154 1488 -

278 1544 411 1630 Turpis,
437 1544 605 1609 odoratum
629 1545 727 1627 caput
749 1541 943 1606 obscurante
965 1541 1110 1626 lacerna,

280 1648 355 1712 Non
377 1669 429 1730 es,
454 1646 541 1732 quod
564 1645 715 1728 simulas,
739 1650 887 1710 metuens
911 1643 1089 1729 induceris,
1113 1653 1210 1733 atque

280 1751 468 1816 Altercante
491 1748 684 1814 libidinibus
708 1748 819 1814 tremis
843 1770 918 1814 ossa
939 1770 1065 1833 pavore.

281 1853 367 1933 Quid
389 1854 501 1936 refert,
525 1852 577 1918 uri
599 1851 701 1936 virgis
724 1851 872 1936 ferroque
894 1851 1026 1916 necari?

280 1957 478 2022 Auctoratus
502 1977 575 2038 eas,
600 1977 642 2022 an
665 1953 753 2039 turpi
776 1953 906 2020 clausus
930 1954 965 2018 i'n
987 1977 1079 2038 arca,

283 2061 354 2140 Quo
377 2067 410 2126 te
433 2059 566 2126 demisit
588 2057 712 2144 peccati
736 2057 866 2122 conscia
887 2057 1017 2141 herilis,

282 2163 494 2229 Contractum
516 2160 655 2247 genibus
678 2165 795 2245 tangas
818 2162 938 2244 caput?
983 2160 1087 2226 Estne
1109 2161 1226 2226 marito

284 2267 452 2332 Matronae
474 2262 641 2351 peccantis
664 2263 699 2327 in
723 2263 818 2328 ambo
842 2262 931 2328 iusta
952 2266 1119 2349 potestas?

284 2371 322 2435 In
346 2379 564 2455 corruptorem
586 2368 638 2434 vel
662 2366 786 2433 iustior.
836 2367 900 2433 Illa
921 2373 1090 2432 tamense

282 2474 358 2538 Non
381 2473 495 2539 habitu
517 2476 665 2538 mutatve
687 2471 758 2536 loco
780 2476 932 2556 peccatve
956 2493 1113 2556 superne,

283 2578 391 2658 Qurrm
415 2583 447 2642 te
470 2575 624 2642 formidet
646 2575 764 2640 mulier
785 2597 890 2660 neque
913 2575 1022 2640 credat
1046 2576 1189 2657 amanti,

237 2707 342 2768 coniuge
358 2706 438 2754 eliens
455 2706 523 2768 cepi,
547 2705 648 2754 Davum
668 2703 777 2753 meretri-
818 2704 879 2752 haec
903 2718 960 2753 eum
981 2705 1147 2769 superioribus
1167 2707 1288 2769 iungunt:
1306 2715 1364 2755 sunt

237 2787 305 2844 cula,
322 2793 377 2834 uter
392 2785 449 2848 plna
465 2788 564 2847 peccat?
818 2798 932 2849 quoque,
956 2785 999 2848 qui
1024 2801 1081 2835 cum
1102 2786 1294 2850 interpretentur
1310 2789 1364 2836 etsi.

270 2867 326 2914 Illa
342 2871 426 2914 tamea
442 2881 467 2914 se
492 2867 551 2912 Noa
568 2864 657 2911 babitu
667 2865 779 2910 mutatve
819 2865 876 2926 Ego
893 2864 1018 2927 iungenda
1033 2874 1095 2929 puto
1116 2881 1173 2915 eum
1192 2868 1362 2931 sequentibus:

238 2947 288 2994 loco
309 2949 423 3006 peccatve
443 2957 557 3003 superae.
591 2940 683 2988 Melius
708 2939 779 2986 intel·
823 2942 887 2990 Cum
906 2943 1065 3003 reformidet
1082 2947 1268 3008 malamque
1277 2950 1364 2996 mearat

236 3024 327 3088 ligem:
344 3023 400 3070 Illa
417 3021 507 3069 etenim
522 3034 554 3068 se.
579 3017 695 3081 Explicat
711 3031 779 3064 oaus-
820 3021 931 3077 amanti,
964 3021 1017 3070 Ibis
1041 3025 1088 3069 sub
1105 3023 1219 3079 furcam,
1255 3023 1365 3074 Adulter

236 3118 291 3151 sam
307 3116 350 3150 cur
366 3113 446 3163 poena
461 3098 488 3146 in
505 3104 672 3160 corruptorem
689 3096 721 3144 sit
732 3097 780 3144 ius·
821 3096 862 3144 rel
878 3099 1011 3146 inducitur
1028 3098 1131 3161 (νιῦθ.)
1149 3100 1252 3150 mniiere
1268 3105 1365 3152 coneda

237 3182 294 3230 tior.
321 3178 415 3227 Mulier
435 3175 502 3225 domi
518 3183 616 3233 manet,
633 3189 684 3224 non
699 3180 780 3222 mutat
821 3183 896 3238 atque
911 3177 1005 3224 amanti
1020 3178 1147 3225 medente:
1174 3179 1214 3228 rel
1229 3182 1362 3232 inducitur

238 3265 340 3310 vestem.
350 3257 435 3305 Plaut.
449 3255 551 3305 Mercat.
560 3255 608 3305 IV.
618 3269 655 3304 vr.
665 3257 687 3304 5.
711 3257 781 3302 Usar
822 3255 926 3304 muliere
945 3255 1034 3313 inscia,
1059 3269 1115 3303 oum
1137 3271 1223 3306 amans
1239 3259 1362 3309 fortunam

238 3342 292 3390 utro
307 3341 330 3387 si
353 3340 418 3388 alum
441 3337 510 3386 domo
531 3351 627 3398 epreasa
643 3341 681 3384 est
691 3335 780 3398 saras,
821 3341 913 3392 tentat,
935 3334 1058 3393 incertus,
1080 3349 1112 3382 an
1129 3336 1233 3384 audacia
1257 3353 1303 3386 sua
1319 3341 1364 3388 sibi

243 3421 304 3468 Viro
313 3418 350 3482 fit
366 3431 467 3473 cumea,
484 3417 596 3478 eripitur
613 3415 781 3464 erratrimoar'a.
821 3414 943 3462 succedat
965 3412 992 3462 Si
1008 3413 1099 3461 mulier
1114 3419 1138 3461 te
1154 3414 1269 3464 formidet
1284 3432 1364 3482 neque

244 3499 351 3548 Utinam
372 3498 414 3544 tea
429 3499 492 3542 esset
507 3495 603 3550 audem¹
628 3508 691 3555 quae
707 3495 782 3542 uxori
822 3495 906 3542 credat
922 3493 1030 3552 amanti,
1050 3499 1075 3541 te
1092 3494 1180 3555 prodet
1200 3495 1290 3543 marito
1306 3511 1363 3555 suo,

239 3583 288 3637 est,
311 3579 380 3626 vtro!
413 3573 453 3622 De
478 3575 566 3622 habitu
591 3573 723 3622 Ruhnken.
750 3574 781 3621 sd
822 3574 867 3622 ibis
879 3573 925 3621 sub
941 3573 1044 3622 iuream
1078 3573 1120 3624 Sic
1135 3574 1220 3623 Nicias
1231 3590 1308 3638 quum
1323 3592 1363 3626 co

240 3657 340 3707 Sueten.
366 3653 466 3703 Caesar.
482 3652 522 3700 44.
544 3651 652 3700 referens
670 3651 781 3715 inprimis
823 3654 917 3703 dioillos
939 3653 1053 3703 Memmii
1077 3655 1109 3702 ed
1130 3655 1244 3718 Pompeii
1259 3669 1363 3706 uxorem

145 3797 147 3800 Α
239 3737 271 3784 ad
288 3749 375 3784 euram
391 3733 483 3794 cupitis
499 3737 524 3780 et
540 3733 696 3794 capillorum.
732 3731 781 3780 Seu
811 3735 853 3813 'de
869 3741 954 3797 stupro
970 3732 1123 3796 pertulisset,
1146 3733 1177 3782 ab
1200 3749 1231 3784 ea
1251 3737 1363 3800 proditus

237 3820 326 3879 peccat
341 3827 447 3875 superae
462 3825 513 3859 non
529 3811 648 3873 intelligo.
680 3809 781 3860 Conieci
822 3820 867 3873 est,
875 3820 904 3862 ut
914 3819 1000 3860 narrat
1011 3812 1112 3863 Sueten
1124 3814 1261 3864 mulnet.
1273 3816 1363 3866 Gram-

240 3894 351 3958 quidem:
366 3896 483 3952 peccatve
498 3893 614 3952 superbe,
630 3905 679 3938 non
697 3906 781 3952 super-
823 3901 881 3942 mst.
911 3892 987 3942 XIV.
1033 3893 1140 3951 Eadem,
1170 3894 1257 3951 credo,
1282 3895 1363 3943 Mem·

240 3976 280 4031 be,
297 3978 327 4020 ut
342 3970 470 4028 moechus,
486 3969 529 4031 qui
550 3969 678 4025 audacter,
696 3974 778 4030 spreto
822 3974 914 4029 mium,
930 3972 953 4020 si
968 3972 1032 4020 elam
1054 3971 1191 4029 irrumet,
1211 3973 1363 4036 prodidisset.

240 4043 313 4114 saepe
337 4048 445 4114 perir-Mo
469 4053 565 4110 poorot,
582 4048 625 4095 sod
652 4054 736 4109 peoeut
751 4046 781 4094 ti-
856 4051 1021 4100 Doderlinus:
1045 4050 1126 4109 „Cum
1148 4051 1238 4100 mulier
1259 4053 1366 4116 suspice-

241 4132 319 4188 mide,
335 4138 360 4179 et
376 4129 464 4179 saltem
475 4125 622 4184 modestius,
638 4140 702 4189 quae
714 4124 780 4174 domi
823 4137 864 4177 tur
880 4135 1004 4177 anrentem
1021 4143 1073 4177 esse
1088 4129 1177 4178 dubiae
1193 4131 1263 4191 fidei,
1285 4134 1366 4196 prodi·

241 4216 353 4267 maneat,
368 4223 414 4257 nec
429 4213 524 4254 vestem
537 4210 622 4252 mutet.
656 4204 735 4252 Aliud
746 4211 782 4252 ta·
823 4216 914 4266 torem,
936 4207 1040 4256 sonasse
1055 4207 1087 4254 ab
1106 4208 1159 4270 ipso
1175 4211 1265 4259 marito
1281 4212 1365 4260 subor-
1418 4217 1423 4225 '

242 4305 299 4339 men
333 4290 358 4337 in
386 4287 460 4336 verbo
488 4289 602 4346 corrupto
628 4283 704 4332 latere
731 4297 782 4331 sus-
824 4294 927 4344 nebim,
944 4293 1019 4349 etque
1040 4286 1121 4349 ipsum
1138 4291 1255 4338 maritum
1272 4292 1366 4343 auxilio

243 4372 317 4435 picor,
825 4373 901 4416 vocet.
920 4365 1012 4416 Omnia
1028 4367 1089 4414 haec
1099 4374 1127 4414 tu
1139 4376 1212 4417 antes
1230 4372 1294 4420 nosti
1311 4387 1366 4436 pos-

279 4450 344 4499 Oum
356 4455 380 4498 te
390 4447 513 4512 formidet
528 4445 625 4502 mulier,
642 4458 717 4504 neque
734 4457 783 4492 cre·
825 4461 851 4496 se
861 4445 923 4504 fieri,
939 4453 965 4493 et
981 4453 1063 4494 tamen
1080 4447 1161 4495 audax
1178 4449 1273 4501 facinus
1283 4467 1368 4517 perpe-

161 4586 169 4594 ⁸
244 4533 291 4580 dat
307 4530 411 4579 amanti.
446 4525 551 4583 Omnes,
573 4528 693 4586 quantum
710 4520 784 4578 novi,
825 4533 890 4586 tras,
904 4527 1016 4587 prudent
1030 4526 1191 4589 subsuream
1208 4531 1238 4578 is.
