3542 5634
665 538 847 602 LIBER
895 541 918 602 I.

218 725 303 772 lerent.
321 722 398 773 Sicuti
416 738 439 769 v.
457 737 477 770 c.
496 721 558 770 fabri
575 722 676 784 lignarii
692 737 766 785 opera

217 812 275 852 sunt
291 818 405 861 scamna,
419 803 527 863 Priapi,
540 799 574 848 ita
586 801 716 864 Tarquinii
728 816 764 849 re-

218 896 273 944 geS,
290 881 312 930 1.
330 879 422 930 Caesar
438 879 529 927 sublati
544 887 602 927 sunt
613 894 689 942 opera
700 881 765 928 Bru-

217 970 312 1019 torum,
340 960 453 1009 manibns
481 960 617 1008 Brutorum
642 959 764 1007 confecta:

217 1049 277 1090 sunt
298 1057 374 1103 opera
397 1042 479 1102 operta
499 1040 564 1101 quod
581 1037 652 1101 quusi
668 1037 765 1100 profite-

217 1121 315 1168 bantur.
341 1119 435 1167 Brutus
447 1124 530 1165 noster
540 1118 589 1164 iam
601 1117 702 1165 dederat
713 1132 764 1180 spe·

217 1199 298 1247 cimeu
314 1198 387 1253 artis,
409 1196 538 1244 interfecto
562 1210 620 1258 rege
645 1193 764 1243 Caesare:

216 1277 274 1325 Rex
290 1274 404 1336 Rupilius
421 1288 531 1336 quoque,
549 1273 583 1320 ait
599 1273 713 1332 Persius,
730 1283 767 1323 est

216 1369 318 1418 eperum
342 1360 459 1410 terarum,
486 1354 576 1415 dignus
605 1360 649 1400 tua
676 1368 765 1413 mann,

216 1437 285 1483 bunc
300 1433 370 1481 nobis
388 1432 473 1491 debes,
494 1433 618 1494 hocopus
635 1448 651 1479 a
667 1441 691 1480 te
708 1436 765 1482 arti·

1318 544 1357 603 tt

806 738 865 781 nus,
882 724 915 770 sit
931 729 989 770 tuus
1009 724 1089 780 labor,
1116 726 1194 787 digna
1213 732 1254 778 ‚est
1280 731 1355 772 mate-

805 804 863 850 ries:
886 802 953 849 hunc
974 802 1109 851 interficere
1125 809 1241 864 coaptant
1257 804 1355 866 profea-

805 883 870 930 nont
886 887 958 939 tuae,
976 889 1002 930 ut
1013 882 1095 930 verbis
1106 889 1163 929 utar
1174 881 1240 931 Vell.
1254 881 1352 930 Patere.

806 960 842 1008 II.
858 961 898 1010 87.
932 961 1048 1009 Fortasse
1059 961 1139 1024 magis
1151 962 1287 1010 orationem
1299 977 1354 1024 poe-

806 1039 879 1087 ticam
897 1042 1011 1092 referret:
1023 1059 1125 1105 oper-ana
1137 1044 1188 1100 bic,
1201 1044 1356 1097 mihicrede,

806 1122 909 1166 taoram
933 1127 976 1169 est.
1011 1121 1051 1168 Ita
1075 1121 1194 1170 Horatius
1220 1121 1244 1167 in
1271 1117 1354 1167 Carni.

807 1194 943 1245 Saeculari:
967 1201 1050 1247 Roma
1066 1203 1089 1248 si
1104 1205 1215 1248 vestram
1232 1205 1270 1248 est
1285 1213 1355 1260 opas.

807 1274 881 1325 ovid.
899 1277 949 1324 III.
976 1277 1077 1327 Metam.
1102 1278 1159 1330 728.
1197 1279 1268 1339 Opas
1295 1279 1355 1325 baec

806 1357 913 1403 victorin
930 1363 1045 1406 nostram
1061 1363 1105 1406 eat.
1141 1355 1192 1405 Ubi
1215 1355 1282 1402 male
1296 1360 1354 1402 ante

806 1434 939 1483 Heinsium
954 1434 1087 1497 legebatur
1103 1450 1165 1496 opas
1177 1437 1227 1483 boc.
1262 1434 1356 1483 Seneca

216 1514 261 1562 tice
278 1520 461 1573 exspectamus,
478 1512 535 1560 Rex
552 1511 598 1558 iste
615 1512 646 1559 sit
658 1520 700 1559 tua
715 1529 764 1560 ma·
806 1511 884 1573 Epist.
893 1514 933 1560 34.
945 1527 1029 1561 assero
1047 1519 1071 1560 te
1081 1515 1153 1571 irriti,
1162 1530 1241 1562 anetam
1250 1527 1312 1574 epac
1321 1529 1353 1561 es.

707 1685 867 1706 *40*-

609 1830 824 1894 SATIRA
869 1832 963 1895 VIII.

307 1985 404 2064 Olim
428 2001 560 2060 truncus
583 2017 669 2059 eram
688 1996 847 2078 ficulnus,
869 1996 988 2060 inutile
1010 1996 1157 2081 lignum,

262 2099 371 2178 Quum
393 2099 500 2180 faber,
527 2099 669 2162 incertus
690 2120 861 2162 scamnum
884 2099 1047 2164 faceretne
1072 2099 1243 2183 Priapum,

261 2203 381 2267 Maluit
401 2225 472 2267 esse
495 2203 600 2267 deum.
646 2201 734 2266 Deus
756 2200 831 2264 inde
855 2223 934 2285 ege,
958 2201 1067 2264 furum
1089 2200 1263 2286 aviumque

262 2305 409 2369 Maxima
428 2305 568 2369 formido
579 2331 588 2382 ;
614 2326 692 2369 nam
714 2303 800 2368 fures
821 2304 937 2368 dextra
957 2309 1080 2368 coercet
1264 2301 1265 2304 ’

262 2409 492 2492 Obscoenoque
513 2408 609 2472 ruber
630 2413 796 2492 porrectus
819 2407 860 2471 ab
880 2406 1019 2492 inguine
1038 2406 1151 2490 palus3

259 2512 324 2575 Ast
345 2511 550 2597 importunas
574 2512 720 2576 volucres
743 2510 778 2574 in
801 2509 921 2574 vertice
943 2509 1067 2572 arundo

259 2615 367 2679 Terret
387 2615 455 2679 fixa
473 2619 626 2699 vetatque
647 2613 740 2678 novis
761 2611 928 2679 considere
949 2610 987 2674 in
1008 2609 1122 2674 hortis.

261 2717 335 2782 Huc
361 2719 451 2803 prius
476 2717 627 2802 angustis
649 2717 752 2783 eiecta
775 2716 932 2781 cadavera
952 2713 1044 2778 cellis

261 2820 443 2885 Conservus
468 2819 528 2883 vili
549 2819 710 2903 portanda
732 2817 861 2882 locabat
883 2817 919 2881 in
940 2837 1031 2892 arca3

260 2923 332 2987 Hoc
350 2923 488 2987 miserae
508 2921 597 3005 plebi
616 2921 725 2984 sta-bat
748 2941 921 2984 commuue
947 2917 1149 3002 sepulcrum,

260 3025 442 3090 Pantolabo
467 3045 594 3087 scurrae
614 3023 887 3106 Nomentanoque
914 3019 1034 3104 nepoti.

777 3187 780 3207 ¹
799 3182 953 3239 conducunt,
979 3187 1003 3228 et
1024 3179 1141 3242 praebent
1163 3179 1289 3226 funeribus
1310 3194 1351 3227 ue·

800 3261 929 3309 Μῶα

246 3312 545 3395 Mantuanorum.
572 3342 663 3390 Nescio
674 3355 706 3388 au
718 3340 760 3388 alii
839 3343 898 3390 Hae
920 3341 1024 3386 miserae
1043 3338 1111 3398 ptebt
1126 3338 1211 3384 stabat
1228 3351 1354 3384 commane

210 3429 262 3474 iam
289 3423 485 3488 comparaverint
512 3422 560 3470 ista
586 3419 613 3467 in
640 3419 760 3468 Ieremiae
800 3423 949 3483 sepulcrum.
983 3418 1043 3466 Non
1060 3425 1097 3465 sat
1107 3415 1349 3479 perspicuum,quid

210 3506 292 3568 Epist.
314 3518 350 3552 vs.
371 3504 409 3552 45.
434 3503 465 3551 de
481 3500 619 3549 simulacris
636 3499 760 3557 Deorum,
800 3501 844 3547 boe
860 3497 990 3559 sigulficet.
1026 3495 1094 3544 Tum
1111 3493 1297 3544 commentator
1308 3495 1350 3540 do-

210 3599 275 3648 quac
292 3584 342 3633 ὑπὸ
354 3581 477 3632 τεκτόνων
487 3581 529 3628 καί
540 3578 689 3643 χρυσοχόων
701 3594 758 3625 rar·
800 3582 850 3624 cet:
868 3590 900 3633 „a
916 3575 1009 3638 puteis,
1026 3573 1097 3622 fossis
1115 3574 1146 3620 ad
1159 3571 1302 3634 sepelienda
1313 3587 1350 3620 ca·

372 3212 508 3263 SATIRA
524 3212 601 3261 VIII.

211 3660 381 3726 εσκευασμένα
414 3659 486 3709 εἰσίν.
525 3656 599 3707 οὐδὲν
628 3656 692 3703 ἄλλο
722 3654 757 3718 μὴ

211 3741 323 3806 γένηται,
348 3741 365 3799 ἠ
389 3738 403 3787 b
428 3738 569 3801 βούλονται
596 3733 620 3783 ol
645 3733 759 3796 τεχνῖται

209 3820 278 3868 αὐτὰ
295 3818 421 3881 γενέσθαι.
454 3817 535 3864 Faber
550 3813 702 3863 Horatianus
726 3812 759 3861 fc·

210 3898 246 3946 eit
261 3898 394 3961 Priapum,
410 3904 435 3944 et
451 3895 561 3943 vendidit
577 3892 624 3951 illi,
640 3893 680 3940 cni
691 3893 759 3942 Mae-

210 3991 284 4025 cenas
294 3992 380 4025 curam
390 3974 559 4040 Esquiliarum
571 3972 597 4018 iu
609 3973 694 4021 hortos
705 3986 759 4018 mu-

209 4056 343 4104 tandarum
359 4055 522 4104 commiserat

245 4136 363 4182 Leeabet.
397 4132 563 4188 Libitinariis,
580 4131 663 4187 eredo,
681 4137 710 4177 ut
726 4129 759 4177 et·

210 4213 312 4261 ferrent.
338 4212 432 4262 Seneca
442 4212 522 4274 Epist.
534 4211 573 4258 99.
602 4205 759 4268 Quemnrat·

210 4295 245 4340 tta
261 4307 318 4342 eam
333 4294 442 4341 naaetme
451 4291 537 4353 senaa
554 4292 660 4338 locatur.
692 4287 759 4337 Libi-

210 4370 296 4418 tinarii
311 4372 461 4420 conducant.
494 4369 564 4417 Acro
579 4369 611 4414 ad
629 4367 702 4416 Satir.
719 4367 756 4416 II.

210 4463 248 4496 vr.
274 4451 311 4498 19.
346 4449 408 4508 „Est
427 4447 537 4496 Libitina
557 4446 625 4493 locas
642 4446 668 4492 iu
684 4445 759 4504 urbe,

210 4544 260 4592 quo
276 4531 459 4578 constituuntur
470 4528 512 4591 qui
525 4526 647 4575 efferenda
658 4540 760 4588 corpora

800 3655 892 3702 davera
908 3662 1058 3716 pauperum,
1075 3652 1144 3700 loeus
1155 3651 1236 3699 dictus
1248 3657 1286 3700 est
1297 3654 1351 3700 Pa-

800 3734 897 3780 tienti.“
931 3731 1005 3780 Talia
1022 3730 1134 3793 sepulcra
1150 3731 1273 3793 quomodo
1284 3736 1353 3779 stare

800 3813 935 3861 dicuntur?

838 3893 982 3940 Pantolabo
1010 3904 1115 3939 acerrae
1148 3890 1352 3951 Nomentanoque

801 3974 891 4032 nepoti.
926 3970 1032 4027 Misera,
1054 3982 1132 4031 egena
1148 3967 1216 4030 plebs
1233 3967 1267 4014 ibi
1283 3981 1350 4028 sepe·

800 4049 913 4097 liebatur.
949 4047 998 4096 Sed
1014 4061 1094 4109 ncque
1107 4044 1258 4094 Pantolabus
1270 4059 1350 4107 neque

800 4127 973 4175 Nomentanus
983 4131 1054 4172 erant
1063 4138 1095 4171 ex
1103 4123 1194 4171 misera
1199 4123 1277 4186 plebe.
1291 4123 1350 4172 Om-

799 4208 842 4254 nia
866 4204 931 4252 bona
956 4218 1013 4261 sua,
1039 4209 1067 4249 ut
1092 4202 1127 4275 ait
1151 4199 1351 4258 Commentator,

799 4283 954 4333 comissando
976 4287 1132 4329 voraverant.
1167 4280 1203 4328 Ut
1227 4294 1294 4327 nunc
1318 4280 1351 4329 le·

800 4361 880 4425 gitur,
898 4367 956 4408 suut
972 4374 1005 4408 ex
1021 4359 1113 4407 misera
1129 4357 1172 4406 illa
1188 4359 1265 4422 plebe.
1300 4359 1351 4407 Ho-

800 4442 892 4495 ratius,
918 4446 991 4502 puto,
1019 4437 1128 4500 scripsit:
1158 4439 1301 4487 Pantolabo
1328 4445 1353 4487 et

800 4537 903 4572 acerrae
927 4522 1131 4582 Nomentanoque
1156 4521 1245 4581 nepot.
1282 4520 1351 4567 Idem

1169 4601 1214 4664 5..
