3542 5634
681 516 863 581 LIBER
908 517 952 581 Il.
1311 516 1397 578 139·

276 703 520 790 Quaecumque
545 704 724 770 immundis
751 705 877 770 fervent
898 704 999 768 allata
1016 703 1156 788 popinis.

277 808 354 873 Est
380 830 495 894 operae
517 808 659 894 pretium
674 809 822 896 *duplicis
845 829 1034 893 pernoscere
1056 806 1137 871 iuris

274 921 459 986 Naturam.
508 922 655 1008 Simplex
677 945 694 986 e
718 922 805 987 dulci
828 927 958 986 constat
980 920 1085 1003 olive,

277 1025 385 1104 Quod
406 1026 523 1113 pingui
545 1026 680 1091 miscere
702 1049 790 1091 mero
813 1024 982 1111 muriaque
1006 1023 1132 1089 decebit

276 1128 366 1194 Non
389 1129 470 1212 alia,
495 1151 593 1214 quam
617 1153 681 1215 qua
705 1130 865 1214 Byzantia
886 1128 999 1214 putuit
1021 1150 1102 1192 orca

276 1232 363 1297 Hoc
385 1233 442 1297 ubi
465 1232 637 1298 confusum
661 1234 758 1299 sectis
782 1231 941 1298 inferbuit
962 1232 1070 1296 herbis

278 1335 489 1422 Corycioque
512 1358 604 1401 croco
628 1345 778 1423 sparsum
802 1337 912 1420 stetit,
936 1337 1070 1421 insuper
1092 1335 1190 1398 addes

279 1439 408 1504 Pressa
430 1439 633 1506 Venafranae
657 1442 743 1526 quod
765 1442 864 1507 bacca
886 1438 1014 1504 remisit
1037 1438 1149 1502 olivae.

279 1543 420 1607 Picenis
444 1543 564 1608 cedunt
586 1545 692 1630 pomis
716 1544 863 1609 Tiburtia
886 1565 979 1610 suco:

278 1647 376 1710 Nam
398 1646 481 1711 faeie
501 1653 678 1732 praestant.
726 1647 897 1712 Venucula
919 1645 1073 1711 convenit
1094 1645 1187 1721 ollis3

280 1749 424 1814 Rectius
447 1750 612 1816 Albanam
634 1751 725 1816 fumo
749 1751 914 1843 duraveris
936 1771 1043 1814 uvam.

281 1853 387 1917 Hanc
409 1875 470 1938 ego
493 1877 568 1919 oum
590 1854 705 1936 malis,
731 1876 790 1940 ego
813 1854 937 1918 faecem
958 1852 1084 1938 primus
1108 1858 1141 1916 et
1163 1850 1273 1933 halec,

281 1956 421 2021 Primus
445 1963 479 2021 et
501 1957 648 2022 invenior
670 1958 762 2042 piper
784 1958 913 2039 album,
937 1978 1013 2021 cum
1035 1955 1103 2020 sale
1126 1954 1221 2038 nigro

281 2062 471 2144 incretum,
494 2062 584 2147 puris
608 2061 878 2147 circumposuisse
901 2060 1031 2126 catillis.
1120 2146 1126 2160 Ι

231 2219 295 2281 pide
313 2220 450 2269 mordetur.
483 2219 600 2267 Heinsius
622 2233 717 2282 quoque
734 2219 788 2266 con·
832 2220 916 2267 elicta
937 2219 1045 2281 popinis.
1088 2217 1235 2268 Stomachus
1262 2231 1373 2265 marcens

232 2297 304 2346 iicit:
326 2302 455 2349 inimorra.
487 2297 587 2347 Nollem
605 2298 705 2346 factum.
722 2298 789 2346 Nam
831 2297 929 2345 mavult
951 2297 1034 2345 omnia
1054 2297 1150 2355 aliato,
1172 2310 1331 2360 quaecunque
1347 2297 1373 2343 in

232 2392 323 2441 neque
336 2377 391 2426 talis
409 2377 553 2426 substantivi
570 2377 691 2439 reperitur
707 2389 788 2424 exem·
831 2377 925 2439 popinis
942 2376 1045 2434 ferrent,
1062 2389 1138 2438 quam
1147 2375 1278 2434 lactucam,
1288 2389 1373 2439 quam-

234 2457 321 2520 plum.
351 2457 423 2518 Quod
445 2457 568 2505 contendit
589 2459 733 2506 amarderc
749 2457 789 2504 de·
831 2456 867 2503 vis
880 2458 987 2512 acrem,
1018 2457 1076 2504 vino
1102 2462 1186 2503 tamen
1213 2455 1372 2503 innatantem.

234 2537 298 2586 duci
316 2539 479 2596 immordere,
495 2536 565 2584 sicuti
581 2537 733 2592 admordere,
750 2537 789 2583 de-
830 2533 899 2583 Cibis
914 2541 997 2582 autem
1008 2534 1088 2582 aliatis
1098 2533 1160 2582 nihil
1176 2540 1212 2581 est
1231 2534 1374 2591 ferventius,

236 2618 367 2674 mordere,
381 2618 547 2677 promeruere,
564 2613 627 2662 nihil
638 2620 681 2662 est.
714 2614 789 2662 Bent·
830 2616 911 2665 iudice
927 2615 1046 2675 Horatio,
1063 2616 1105 2677 qui
1127 2613 1202 2662 simul
1219 2614 1260 2661 hic
1275 2614 1374 2673 odium,

236 2693 305 2743 leins
333 2695 419 2742 eodem
440 2700 586 2757 argumento
602 2695 733 2742 immorare
749 2694 789 2742 de·
830 2709 879 2758 quo
914 2695 1016 2744 herbam
1036 2695 1216 2752 detestabatur,
1246 2695 1372 2756 expressit.

238 2773 333 2822 tendit.
368 2773 395 2823 Si
411 2774 457 2822 hoc
478 2789 526 2822 usu
547 2779 671 2835 receptum
693 2772 789 2830 fuisset,
830 2773 946 2824 Calorem
968 2775 994 2822 in
1010 2774 1089 2837 Epod.
1107 2774 1150 2822 III
1179 2773 1302 2835 depinxit:
1320 2775 1374 2823 Nec

237 2855 267 2901 in
284 2859 359 2902 tanto
369 2854 515 2915 scriptorum
532 2865 634 2900 numero
649 2865 728 2914 pauca
744 2851 789 2898 sal-
831 2859 920 2902 tantur
936 2870 1048 2918 anquam
1058 2856 1169 2903 siderum
1179 2855 1272 2905 insedit
1287 2869 1373 2916 vapor,

238 2939 296 2981 tem
323 2931 463 2980 testimonia
491 2931 665 2978 inveniremus.
707 2930 790 2992 Quare
831 2934 982 2982 Siticuiome
998 2936 1123 2997 Apuliae.-
1146 2936 1200 2982 Nec
1220 2949 1312 2982 manua
1329 2935 1373 2981 ba-

238 3010 381 3074 legendum
398 3023 497 3058 censeo:
514 3002 645 3068 'nimiter
661 3009 791 3056 admorsae
830 3011 906 3058 merie
921 3012 1030 3072 efficacia
1047 3011 1166 3060 Herculia
1198 3013 1303 3060 Inarait
1320 3027 1373 3061 aar·

240 3091 327 3152 refici.
361 3087 489 3138 Vocabula
505 3087 535 3134 ab
552 3087 623 3135 litera
639 3086 791 3148 mincipien·
831 3090 934 3138 taoriaa
975 3093 1094 3139 ditatam
1121 3097 1159 3138 est
1183 3089 1262 3138 omnis
1291 3090 1372 3149 cibus,

170 3154 177 3176 ¹
239 3169 279 3216 tia
316 3181 387 3230 saepe
419 3181 463 3230 per
490 3165 647 3215 librariorum
671 3165 791 3214 incuriam
830 3168 869 3215 cui
885 3167 962 3216 alium
979 3176 1016 3218 est
1030 3170 1156 3218 intritum:
1177 3168 1241 3216 conf.
1264 3169 1372 3217 Turneb

240 3247 403 3310 augebantur
419 3245 516 3310 syllaba
536 3248 576 3304 iri,
593 3245 634 3294 vel
649 3247 676 3294 ia
692 3246 790 3294 omitte·
830 3247 862 3295 ad
882 3247 968 3297 Plauti
989 3249 1096 3298 Mostell.
1116 3249 1138 3299 Ι.
1155 3262 1174 3296 1.
1191 3248 1231 3295 45.
1264 3247 1373 3310 Antepe-

241 3329 328 3376 batur.
360 3328 413 3375 Neo
435 3327 526 3384 dubito,
551 3326 612 3390 quin
635 3324 711 3374 MSS.
740 3324 790 3373 fue·
830 3325 937 3373 nultima
953 3327 982 3374 in
998 3329 1081 3376 alceta
1096 3327 1257 3384 contrahitur,
1268 3333 1297 3374 ut
1312 3342 1372 3376 mox

243 3409 312 3465 rint,
345 3407 371 3454 in
397 3407 486 3469 quibus
515 3404 657 3469 legebatur:
683 3404 791 3467 flacitei
831 3417 868 3451 vs.
893 3404 933 3453 st.
958 3408 1059 3466 maria,
1076 3415 1102 3454 et
1127 3405 1201 3455 Satir.
1223 3404 1245 3453 I.
1267 3419 1315 3453 vn.
1332 3407 1372 3454 30.

243 3489 282 3534 ad
300 3489 440 3534 immoriar.
474 3485 527 3534 Alii
553 3488 715 3532 correxerunt
737 3495 790 3529 ver·
831 3484 1005 3533 ciademmtor.
1022 3485 1089 3533 Tum
1099 3484 1204 3548 jacent
1216 3486 1317 3546 pop-inis
1329 3499 1374 3547 pro

244 3579 316 3621 sum,
338 3565 418 3613 deleto
438 3567 483 3622 ud,
506 3577 562 3611 cum
587 3562 667 3611 delere
695 3561 791 3610 debuis-
831 3562 857 3610 in
872 3565 983 3626 popinis,
999 3570 1028 3611 ut
1044 3562 1117 3613 Satir.
1134 3563 1170 3613 11.
1184 3563 1275 3612 m.48.
1294 3565 1373 3613 Sili-ie

245 3651 303 3693 sent
320 3647 361 3693 im.
831 3645 991 3694 dextrorsum
1007 3647 1068 3694 atii.

284 3723 699 3787 Quaecunqueimmuadieservent
710 3724 792 3778 allata
863 3726 1009 3774 Primusei
1024 3727 1144 3774 invenior.
1165 3726 1311 3788 Legendum
1329 3740 1371 3788 pu·

244 3806 357 3866 popinis.
373 3803 513 3853 Bentleius:
541 3802 656 3865 „perinde
673 3808 710 3850 est
726 3815 754 3850 ae
770 3803 791 3849 si
830 3810 867 3852 to:
884 3806 1006 3854 inveniar.
1040 3804 1089 3866 Qui
1114 3804 1216 3854 annales
1232 3819 1316 3852 rerum
1333 3820 1372 3852 co-

247 3883 352 3932 dixisset
376 3883 494 3932 ferventia
519 3882 663 3940 afferuntur,
687 3897 702 3929 a
727 3883 790 3930 cocis
830 3883 999 3946 quinariarum
1016 3892 1100 3947 postea
1119 3885 1246 3942 evolverit,
1262 3884 1289 3932 hi
1306 3886 1372 3932 inve·

247 3963 340 4012 scilicet
357 3963 397 4012 vel
412 3963 554 4011 ministria“
572 3963 708 4020 Sententia,
724 3969 790 4024 puto,
830 3963 899 4012 nient
915 3978 954 4012 me
971 3966 1079 4027 primum
1095 3964 1309 4026 circumposuisse,
1327 3978 1372 4026 ego

248 4042 310 4091 haee
331 4050 379 4091 est:
404 4042 537 4099 ferventia,
559 4041 639 4104 qualia
655 4042 680 4088 in
696 4043 791 4104 popinis
830 4045 946 4091 inveniar
970 4045 1177 4106 circumposuisse.
1209 4043 1330 4092 Variatur
1345 4043 1371 4090 in

249 4129 396 4186 coquuntur,
410 4123 566 4170 vehementer
579 4121 707 4168 irritantia.
724 4122 790 4170 Nam
830 4121 907 4188 MSS.
925 4124 1015 4181 ini-eni,
1028 4124 1145 4171 ira-enier.
1174 4122 1244 4171 Idem
1255 4121 1310 4170 aliis
1320 4137 1372 4170 mo-

250 4201 276 4249 in
293 4202 418 4260 convivio,
445 4203 475 4249 de
499 4215 548 4264 quo
570 4199 611 4247 hic
632 4201 722 4263 agitur,
744 4201 791 4248 ista
831 4201 866 4248 dis
894 4201 999 4262 exprimi
1024 4207 1131 4263 poterat:
1163 4204 1262 4263 primur
1289 4203 1372 4250 inveni

250 4296 301 4329 non
317 4288 457 4344 peterentur
474 4295 506 4328 ex
523 4280 632 4342 popinis,
650 4293 712 4343 quae
729 4278 791 4328 nulli
830 4281 1019 4342 circumponere,
1036 4288 1063 4328 ut
1081 4279 1132 4330 Sat.
1149 4281 1185 4330 II.
1196 4294 1255 4329 vm.
1264 4282 1304 4329 51.
1316 4282 1371 4328 inu·

250 4374 308 4408 coco
324 4366 404 4408 essent
420 4361 512 4422 ignota,
530 4367 554 4406 et
570 4359 637 4407 domi
658 4359 746 4407 melius
764 4374 792 4407 ac
832 4363 870 4408 lor
899 4375 940 4422 epo
968 4360 1068 4422 primur
1093 4375 1196 4423 artarer
1230 4359 1372 4408 Morutravi

251 4441 364 4488 mundius
385 4441 466 4504 parari
487 4445 591 4503 possent.
631 4437 792 4488 scribendum
831 4441 971 4501 incoquere:
993 4441 1087 4501 primus
1107 4440 1222 4487 inventor
1238 4440 1371 4502 circumpo·

251 4535 351 4571 censeo:
373 4523 538 4584 Quaecunque
548 4519 684 4570 immundis
689 4520 793 4582 faveat
830 4521 879 4580 sui,
898 4521 1102 4582 circumposuisse
1112 4519 1192 4581 magis
1208 4519 1316 4582 postulat
1332 4521 1370 4566 in-
