3542 5634
785 469 1138 540 SATIRARUM

434 661 481 726 Et
502 661 729 748 quodcumque
752 659 853 724 semel
876 659 999 725 chartis
1022 655 1178 737 illeverii‚
1203 675 1316 718 omnes

436 763 566 830 Gestiet
588 785 608 829 a
631 762 728 827 furno
750 760 923 828 redeuntes
947 762 1029 828 scire
1052 761 1190 845 lacuque

435 866 482 931 nt
503 888 620 952 pueros
644 873 678 931 et
700 867 819 930 euus.“
865 865 1039 950 Agedum,
1064 883 1169 949 pauca
1190 859 1300 944 accipe
1323 864 1443 926 contre

436 969 585 1034 Primum
608 990 670 1055 ego
692 990 746 1033 me
769 967 918 1050 illorum,
944 966 1088 1033 dederim
1113 964 1231 1051 quibus
1256 984 1327 1028 esse
1348 963 1473 1048 poetis,

437 1071 619 1156 Excerpam
642 1090 798 1135 numeror
822 1090 928 1154 neque
951 1069 1040 1134 euim
1062 1065 1254 1133 concludere
1276 1087 1407 1131 versum

436 1174 567 1239 Dixeris
591 1195 662 1239 esse
685 1172 782 1250 satis3
806 1193 930 1257 neque,
955 1171 984 1236 si
1008 1170 1080 1256 quis
1104 1170 1244 1252 scribat,
1269 1169 1320 1235 uti
1342 1190 1421 1251 nos,

437 1277 586 1343 Sermoni
608 1275 776 1362 propiora,
794 1282 891 1360 pubes
915 1276 1003 1340 hunc
1025 1296 1096 1340 esse
1115 1279 1255 1359 poebam.

437 1379 614 1466 Ingenium
636 1379 690 1444 cui
714 1378 775 1461 sit,
799 1377 853 1443 cui
874 1399 968 1443 meus
990 1377 1149 1459 divinior,
1174 1381 1272 1461 atque
1295 1395 1331 1441 os

437 1483 561 1566 Magna
583 1485 793 1562 conaturum,
821 1479 878 1544 des
903 1479 1046 1544 nominis
1067 1479 1165 1544 huius
1189 1479 1353 1543 honorem.

437 1584 562 1649 Idcirco
585 1584 737 1669 quidam,
761 1583 930 1649 comoedia
955 1605 1057 1649 necne
1077 1604 1194 1668 poema

439 1687 557 1769 Esset,
576 1687 778 1772 quaesivere,
799 1686 887 1771 quod
908 1707 981 1751 coer
1005 1685 1142 1771 spiritus
1164 1707 1202 1750 ac
1221 1684 1272 1750 vis

437 1789 507 1855 Nec
528 1788 635 1855 verbis
658 1811 718 1855 nec
738 1789 835 1854 rebus
860 1788 966 1871 inest,
990 1787 1057 1854 nisi
1082 1786 1170 1873 quod
1188 1787 1271 1872 pede
1297 1790 1384 1851 certo

438 1891 557 1958 Differt
579 1892 741 1976 sermoni,
762 1913 867 1958 sermo
891 1913 1010 1957 merus.
1061 1891 1132 1975 „Ac
1146 1895 1239 1976 pater
1259 1889 1375 1954 ardens

439 1995 567 2078 Saevit,
593 1996 680 2081 quod
707 1996 876 2062 meretrice
899 2017 1000 2081 nepos
1022 1994 1159 2060 insanus
1180 1993 1286 2060 amice

438 2098 545 2165 Filius
565 2121 700 2165 uxorem
723 2100 842 2185 grandi
863 2121 940 2164 oum
961 2099 1037 2164 dote
1057 2097 1215 2180 recusem

436 2201 557 2268 Ebrius
574 2208 625 2285 ei,
645 2224 805 2288 magnum
828 2203 917 2289 quod
944 2202 1100 2284 dedecus,
1124 2199 1272 2265 ambulet
1290 2203 1367 2264 ante

369 2298 372 2301 ’
436 2304 577 2370 Noctem
598 2325 675 2371 cum
697 2304 858 2370 facibus.“
905 2303 1077 2389 Numquid
1100 2301 1302 2387 Pomponius
1322 2299 1398 2366 isi-is

437 2406 579 2472 Audiret
600 2404 740 2489 leviora,
760 2410 855 2492 pater
878 2405 907 2471 si
930 2405 1079 2471 viveret?
1125 2405 1213 2490 Ergo

442 2509 519 2574 Non
539 2509 620 2575 satis
644 2514 695 2576 esi
717 2509 809 2596 puris
833 2531 965 2576 versum
987 2509 1184 2596 perscribere
1206 2507 1331 2585 verbis3

393 2649 457 2697 libro
481 2650 578 2699 Lucilii
593 2649 701 2709 decimo,
722 2649 877 2697 uberanter
894 2648 941 2697 Sa·
985 2649 1088 2697 Noctem
1112 2662 1170 2697 curn
1189 2645 1302 2709 sceibus.
1346 2641 1424 2692 Pater
1448 2641 1529 2691 saevit

395 2729 463 2775 tirae
483 2741 627 2791 componere
646 2727 760 2775 studuit:
786 2728 859 2775 caiae
882 2727 942 2774 libri
981 2727 1047 2790 quod
1071 2725 1139 2773 filius
1164 2725 1246 2774 ebrius
1264 2731 1391 2786 tamquam
1407 2735 1531 2785 magnum

391 2806 550 2868 principiam
573 2808 692 2854 imitatae
708 2811 758 2862 eet,
784 2806 832 2853 ribi
846 2805 942 2867 primo,
981 2807 1085 2856 dedecus
1109 2805 1227 2854 ambulet.
1255 2803 1338 2854 Filius
1359 2803 1412 2866 ipsc
1433 2809 1470 2850 est
1491 2804 1533 2850 de·

394 2897 453 2932 aroc
468 2886 583 2934 omuibus
599 2887 794 2933 detrectatores.
981 2889 1069 2944 mous,
1086 2891 1114 2933 ut
1130 2886 1222 2942 scelus,
1247 2884 1422 2946 opprobrium,
1451 2883 1534 2931 coaci-

430 2962 518 3012 Sernes
530 2978 621 3012 caras.
639 2964 690 3012 Per
698 2963 876 3027 appositionem
884 2977 942 3026 perr-
981 2967 1047 3014 eium
1075 2965 1130 3014 Hoc
1146 2969 1183 3012 cst
1200 2963 1266 3025 apud
1284 2961 1405 3010 Plautum
1429 2961 1535 3009 Merces.

395 3043 437 3091 det
453 3057 469 3090 a
486 3042 625 3091 Comoedia.
659 3041 713 3092 Cur
729 3042 852 3090 inferetur
862 3057 943 3092 sermo
982 3045 1004 3093 I.
1021 3059 1039 3093 1.
1056 3045 1096 3092 54.
1120 3041 1162 3091 ubi
1184 3041 1251 3090 filins
1273 3042 1304 3089 de
1320 3047 1390 3104 petre
1407 3039 1533 3103 queritur:

395 3126 432 3167 est
448 3122 547 3168 merus?
572 3118 942 3171 Plcut.Mostell.III.1.110.
983 3125 1215 3186 Intemperantem,
1233 3136 1283 3169 aare
1300 3121 1449 3178 modestum,
1466 3120 1534 3167 iuiu-

395 3201 449 3246 Ain
477 3206 508 3247 tu
529 3199 620 3248 aedes?
640 3206 695 3247 tum
725 3214 751 3247 v.
771 3200 825 3248 112.
843 3201 944 3262 speculo
983 3204 1064 3259 rium,
1103 3202 1229 3259 Trahere,
1245 3200 1383 3250 exhaurire
1405 3215 1444 3248 nee
1467 3199 1536 3260 quod

395 3278 500 3337 clarae,
518 3279 641 3326 uiatorem
659 3293 762 3326 aarum.
984 3282 1080 3344 quirem
1091 3283 1135 3330 abe
1146 3294 1171 3330 ce
1182 3282 1259 3329 domo.
1270 3305 1303 3316 -·
1325 3280 1462 3328 Rationem
1476 3291 1533 3339 per·

433 3357 507 3414 Quod
521 3358 651 3406 meretrice
661 3357 849 3419 aepoeiruaaue
860 3358 944 3407 amica
983 3362 1074 3409 simam
1099 3374 1164 3418 eece,
1191 3373 1228 3416 ea,
1259 3373 1323 3420 puae
1347 3357 1419 3419 ipsas
1436 3355 1535 3418 optima

396 3437 490 3485 Filius.
522 3435 579 3498 Ego
603 3440 715 3499 nepotem
740 3435 775 3484 sic
796 3450 853 3484 eum
868 3441 946 3497 patre
988 3441 1079 3489 Omnes
1103 3441 1199 3489 laborer
1227 3438 1363 3486 iucmieect
1390 3436 1535 3500 perferam,

395 3521 420 3563 et
423 3516 484 3578 filio
495 3529 546 3563 uon
555 3514 749 3573 coniunxissem,
757 3515 779 3563 si
788 3517 944 3565 luxuriosum
986 3519 1086 3567 Amoris
1116 3521 1143 3567 ci
1178 3516 1347 3580 diffunditari
1382 3529 1413 3564 ac
1445 3513 1534 3562 deteri.

395 3594 536 3657 significare
548 3594 662 3642 deberet:
680 3594 832 3656 scripsissem
850 3595 944 3656 potius:
987 3597 1132 3648 Conuiuium
1150 3602 1188 3646 tot
1205 3611 1244 3646 me
1260 3609 1339 3645 anuos
1364 3596 1417 3643 ium
1432 3609 1458 3643 ce
1475 3607 1534 3656 par·

395 3674 463 3737 quod
478 3673 621 3729 meretrice,
638 3673 726 3735 nesae!
743 3673 945 3722 imaausamica
985 3692 1047 3727 cere.
1080 3677 1139 3726 Non
1163 3690 1224 3738 opus
1246 3680 1312 3734 eret,
1338 3681 1367 3722 ut
1391 3671 1431 3722 vel
1455 3678 1534 3735 peter,

397 3753 491 3801 Filiae.
508 3750 638 3800 Scholinm
647 3749 867 3800 commentatoris:
878 3753 946 3809 „Nc
986 3753 1042 3814 vel,
1061 3755 1127 3817 quod
1143 3754 1223 3802 multo
1230 3753 1313 3818 peius,
1331 3754 1404 3816 poeta
1414 3759 1533 3809 moueret,

393 3844 452 3893 pos,
476 3830 551 3878 tacita
567 3836 592 3878 et
608 3829 711 3892 egregie
734 3829 883 3892 significatio
899 3829 947 3878 filii
986 3847 1060 3895 quem
1073 3840 1145 3896 turpe
1162 3834 1266 3882 dedecus
1278 3847 1309 3881 ea
1324 3845 1363 3880 res
1374 3837 1444 3881 esset.
1460 3831 1533 3880 Nihil

395 3907 536 3959 luxuriose
553 3907 792 3971 pertinetadfilium
805 3909 944 3971 Pomponii.
985 3912 1034 3961 dici
1049 3919 1145 3975 poterat
1161 3912 1311 3976 lenguidins.
1501 3907 1504 3912 “

429 3991 528 4039 Ebriuc
544 3994 581 4047 et,
598 4004 717 4052 mapsam
739 3991 806 4052 quod
826 3991 944 4048 dedecus,
1019 3993 1150 4054 Numquid
1161 3991 1316 4054 Pomponius
1332 3991 1388 4039 istis
1422 3989 1533 4039 Audiret

395 4069 506 4116 ambulet
530 4061 591 4116 ante
632 4068 737 4116 Noctem
759 4082 815 4116 cum
832 4068 944 4132 facibus.
985 4071 1093 4120 leviora?
1126 4070 1209 4118 Plaut.
1231 4069 1321 4118 Bacch.
1343 4069 1391 4118 IV.
1408 4081 1469 4117 vrrr.
1492 4067 1532 4118 70.

396 4144 485 4209 Vulgo
501 4144 638 4208 accipiunt,
663 4147 728 4208 qnod
750 4145 856 4205 fectum,
881 4163 945 4210 quae
986 4148 1069 4196 Satin*
1086 4154 1136 4205 est,
1153 4150 1176 4197 ei
1191 4151 1271 4211 plara
1286 4163 1318 4197 erc
1334 4164 1373 4198 me
1389 4149 1476 4196 audiet
1492 4149 1532 4196 trc-

395 4239 435 4274 res
444 4232 611 4289 estmagnum
628 4225 747 4284 dedecus,
765 4232 789 4273 et
805 4227 944 4290 verbepar·
985 4228 1025 4275 die
1040 4228 1109 4276 mala
1146 4229 1228 4287 Quam
1245 4228 1466 4290 audicituuquam
1480 4226 1533 4275 Gli·

396 4303 490 4352 euthesi
506 4304 645 4352 includunt
663 4303 725 4351 Vim
739 4304 815 4352 addes
830 4305 945 4362 orationi,
985 4307 1029 4354 uia
1045 4310 1070 4354 et
1087 4304 1230 4356 &metrici
1248 4307 1335 4355 Horst.
1348 4305 1432 4354 Satira
1442 4304 1479 4353 ΙΙ.
1492 4319 1532 4354 111.

396 4395 499 4444 eamque
508 4382 588 4445 magis
605 4383 726 4445 tragicum
738 4382 825 4433 facies:
843 4386 944 4434 Ebrius
984 4383 1041 4432 298.
1069 4385 1177 4434 Dixerit
1193 4386 1312 4436 insanum
1337 4385 1381 4448 qui
1404 4399 1455 4446 me,
1473 4386 1531 4434 toti·

396 4467 420 4509 et
437 4475 555 4523 maenum
565 4463 631 4522 quod
643 4463 747 4510 dedecus
764 4465 874 4512 ambulet
885 4468 945 4512 aute
985 4465 1039 4513 dem
1057 4465 1151 4513 erudiet.
