3542 5634
483 679 542 734 iam
563 697 591 734 a.
617 692 756 736 ησσον.
790 679 1002 753 compositum,
1036 697 1116 736 nunc
1148 677 1240 735 etiam
1275 680 1395 752 cognitu
1430 681 1622 754 perdignum.
1671 697 1672 708 ³

482 783 583 841 Unum
606 782 783 857 praesertim
804 783 937 840 omnium
960 783 1235 840 laudatissimorum
1259 783 1355 839 instar
1376 784 1500 857 reliquit
1515 806 1623 844 monu-

482 896 623 945 mentum.
666 886 803 945 Gloriam
834 889 976 945 inventae
1009 888 1229 963 typographiae
1259 888 1404 945 Harlemo
1439 891 1619 948 vindicavit.

481 991 559 1052 cum
579 992 791 1049 Meermannus
810 1001 841 1048 et
862 993 914 1048 alii
936 993 1044 1050 deinde
1067 993 1229 1068 populares
1254 994 1349 1050 nostri
1371 1003 1549 1068 argumenta
1565 1016 1621 1052 ex-

480 1098 616 1155 hausisse
639 1098 815 1154 viderentur
835 1098 949 1169 omnia,
973 1105 1137 1168 ettamen,
1166 1098 1246 1171 quod
1272 1099 1362 1155 unice
1384 1099 1416 1154 in
1437 1107 1502 1155 tota
1524 1117 1620 1172 quac-

480 1204 575 1260 stione
601 1221 706 1259 verum
731 1211 811 1273 erat,
839 1203 1013 1260 historicum
1040 1203 1259 1277 neglexissent,
1288 1203 1344 1258 hoc
1372 1202 1424 1258 ille
1447 1204 1620 1261 admirabili

479 1308 637 1382 diligentia
658 1316 688 1363 et
707 1307 820 1364 iudicio
841 1308 885 1364 sic
906 1308 1097 1381 explanavit,
1123 1315 1156 1363 ut
1177 1307 1303 1376 Franci,
1326 1306 1468 1364 Britanni
1490 1317 1520 1364 et
1540 1308 1617 1366 Itali

478 1413 557 1468 hunc
582 1421 741 1486 patronum
767 1428 903 1467 caussam
925 1411 1130 1468 Neerlandiae
1156 1411 1264 1467 vicisse
1285 1411 1435 1482 iudicent,
1471 1413 1507 1468 de
1540 1412 1619 1471 Ger-

478 1534 634 1572 manorum
655 1515 804 1572 sententia
825 1515 958 1572 nondum
978 1524 1105 1572 constet.
1151 1515 1221 1572 Tali
1249 1523 1442 1573 monumento
1474 1517 1614 1574 Vriesius

479 1637 552 1676 suae
581 1636 700 1691 quoque
727 1618 821 1693 ipsius
850 1620 933 1692 apud
961 1637 1079 1675 omnem
1106 1619 1316 1693 posteritatem
1340 1620 1501 1676 memoriae
1524 1621 1617 1678 semel

479 1724 640 1780 musuluit.
682 1721 815 1796 Stirpem
848 1723 974 1797 insuper
1002 1742 1041 1778 ex
1070 1741 1100 1780 se
1128 1731 1230 1780 natam
1257 1723 1393 1796 reliquit,
1429 1723 1617 1795 Gerardum,

484 1831 588 1887 Status
610 1830 798 1898 senatorem,
822 1836 852 1883 et
871 1827 1050 1898 Matthiam‚
1084 1829 1188 1885 literas
1220 1828 1409 1885 Neerlandes
1440 1829 1472 1886 in
1499 1830 1619 1886 Acade-

478 1935 539 1990 mia
568 1933 712 1989 Leidensi
739 1933 946 2008 profitentem,
983 1933 1090 2006 dignos
1115 1933 1239 1990 landum
1265 1941 1460 2007 paternarum
1488 1934 1618 1990 heredes

478 2049 509 2094 et
530 2039 671 2095 custodes
692 2037 779 2092 filios.

517 2142 580 2199 lam
605 2145 750 2218 relegens,
778 2162 855 2217 quae
882 2144 924 2200 sic
953 2141 1057 2214 effudi,
1088 2163 1125 2200 ex
1151 2144 1230 2200 dulci
1256 2144 1342 2216 quasi
1371 2145 1485 2200 somnio
1511 2134 1625 2219 snper-⁵

477 2248 582 2321 giseor.
625 2249 852 2306 Blandissimam
879 2248 1011 2322 prolecto
1037 2249 1096 2305 vim
1123 2267 1187 2305 esse
1213 2247 1355 2322 oportuit,
1389 2267 1447 2322 qua
1474 2267 1517 2306 me
1544 2251 1617 2306 ami-

475 2370 575 2407 corum
595 2351 758 2420 recordatio
784 2353 862 2408 ultra
887 2371 998 2410 morem
1018 2363 1049 2409 et
1069 2355 1186 2411 modum
1206 2354 1429 2428 componendae
1457 2355 1616 2430 praefatio-

479 2458 524 2512 nis
535 2456 747 2530 imprudentem
761 2457 837 2512 adeo
853 2458 1029 2531 provexerit.
1051 2457 1153 2532 Quod,
1170 2459 1307 2516 restituta
1325 2460 1414 2518 semel
1431 2460 1616 2532 valetudine,

478 2562 560 2618 nulla
579 2579 625 2618 me
645 2561 775 2635 eorporis
795 2560 949 2618 infirmitas
966 2563 1131 2634 admonuit,
1152 2565 1289 2620 admonet
1306 2565 1479 2636 loquacitas.
1513 2564 1617 2623 Senex

477 2684 552 2722 sum.
593 2665 803 2723 Adulescentes
829 2677 859 2723 ct
895 2667 966 2736 viri,
1004 2668 1054 2739 qui
1080 2669 1153 2725 haee
1178 2667 1352 2742 inspiciant,
1384 2666 1505 2726 fortasse
1532 2672 1615 2728 taciti

383 2769 388 2776 “
479 2771 708 2846 reprehendent,
730 2790 749 2827 a
769 2771 884 2845 pietatis
906 2779 1002 2829 tamen
1025 2772 1218 2848 professione,
1246 2782 1278 2829 ut
1293 2778 1392 2847 spero,
1415 2776 1612 2831 excusabunt.

479 2875 579 2935 Serior
598 2874 717 2949 quidem
737 2886 819 2933 aetas
839 2876 870 2933 in
893 2895 980 2950 quarn
1001 2888 1114 2952 partem
1135 2889 1294 2954 acceptura
1315 2879 1368 2950 sit,
1391 2899 1449 2935 non
1472 2898 1591 2936 vereor.

520 3017 717 3091 Hilversumi‚
740 3038 760 3076 v
783 3021 940 3078 Decembri
963 3042 1063 3078 mense
1084 3043 1112 3079 a.
1135 3040 1317 3081 nncccnxu.
