3542 5634
644 543 671 604 I.
717 559 844 605 sursus
868 559 917 604 vr.
941 559 1002 604 vn.
1310 542 1373 605 183

234 733 281 780 uris
299 730 431 778 hominum
448 731 534 776 innato
550 743 602 778 esse
620 729 740 776 videatur.
774 727 917 791 Exemplo,
940 727 1108 776 monumentis
1124 727 1253 776 literarum
1270 729 1372 787 tradita,

234 825 284 860 non
302 811 384 872 prime
400 816 465 858 sunt.
499 809 580 859 Credo
604 809 679 867 mihi,
706 809 758 858 noli
774 809 903 866 dubitare,
929 815 986 856 anta
1003 807 1109 857 Tullum
1126 807 1211 856 vixere
1227 808 1275 856 viri
1290 809 1373 872 probi,

234 890 340 953 ignobili
357 889 445 952 stirpe,
463 895 547 937 tamen
564 889 699 938 honoribus
716 889 805 938 ornati.
824 886 920 937 Contra
935 888 1002 937 nosti
1018 888 1160 936 Lucrinum
1176 887 1239 936 nihil
1257 889 1373 946 vduisse,

234 971 316 1018 iudice
331 969 436 1032 populo,
454 975 479 1017 et
495 970 597 1032 quidem
613 983 654 1027 eo,
672 969 715 1032 qui
731 969 851 1017 honorem
867 983 941 1031 saepe
957 969 1001 1016 dat
1016 968 1134 1031 indignis.

284 1051 405 1100 Horatius
421 1050 568 1099 sententiam
586 1049 718 1098 confirmet
733 1063 766 1096 ex
783 1049 954 1111 antiquissima
970 1048 1094 1108 historie,
1110 1054 1138 1095 ut
1155 1047 1225 1103 solet.
1249 1047 1319 1096 Telis
1335 1063 1373 1096 ar-

234 1131 389 1194 gumentatio
405 1137 443 1179 est
459 1129 543 1180 Carni.
562 1131 610 1179 IV.
631 1143 671 1178 rx.
692 1129 723 1178 13
739 1144 775 1192 sq.
796 1131 888 1178 Vicere
898 1131 984 1192 sortes
1000 1136 1058 1178 ante
1080 1128 1273 1191 Agsrneurnona
1289 1128 1373 1177 Multi.

234 1211 293 1259 Non
310 1226 384 1274 coepe
400 1214 490 1269 multi,
516 1217 544 1259 ut
565 1210 592 1258 in
614 1217 699 1260 nostro
721 1210 775 1258 loco
797 1209 898 1272 legitur.
931 1208 1008 1257 Adde
1025 1209 1047 1257 1.
1070 1208 1143 1258 Satir.
1166 1222 1206 1256 111.
1229 1209 1286 1260 107.
1306 1211 1374 1258 Num

227 1289 289 1351 suit
305 1294 365 1338 oute
383 1291 507 1340 Heunam
524 1303 621 1340 cuuuur
638 1291 770 1338 teterrima
787 1289 847 1337 lolli
864 1288 972 1337 Caussa.
1005 1287 1083 1336 Recte
1098 1294 1182 1336 eutem
1198 1289 1270 1337 mede
1285 1288 1316 1335 de
1331 1301 1375 1343 eo,

234 1368 303 1429 quod
319 1367 553 1416 verosimillimum
578 1375 631 1425 est,
653 1369 696 1418 sed
718 1367 883 1416 demonstrari
904 1381 955 1415 non
976 1373 1072 1430 potest,
1093 1369 1159 1416 uerti
1183 1367 1215 1416 de
1238 1379 1281 1425 eo,
1309 1368 1375 1430 quod

235 1447 402 1495 demonstrari
419 1463 469 1495 non
485 1461 547 1511 opus
564 1455 609 1496 est.

285 1527 315 1575 P.
333 1528 372 1579 57.
408 1527 532 1590 Cornifiei
558 1530 665 1576 uouere.
710 1527 795 1590 Nepos
823 1526 951 1576 Phocione
966 1527 1015 1577 IV.
1044 1527 1169 1575 Proetus
1192 1532 1234 1575 est
1247 1528 1373 1577 undecim-

235 1606 312 1662 oiris,
328 1607 417 1666 quitur
434 1607 469 1654 ud
483 1608 636 1669 supplicium
651 1607 751 1669 publice
767 1608 884 1655 dumuuti
901 1609 973 1656 trudi
988 1607 1076 1663 minat.

286 1684 317 1732 P.
334 1685 374 1736 57.
410 1685 517 1736 Cursori
534 1688 639 1736 utiliter.
672 1685 761 1734 Livius
778 1685 882 1736 XXVI.
901 1686 939 1736 15.
966 1687 1003 1734 Iu
1019 1700 1146 1736 carcerem
1161 1686 1264 1736 conditi.

284 1764 316 1813 P.
333 1766 373 1816 57.
408 1767 512 1815 Funera
534 1781 632 1829 mopso.
667 1765 732 1816 Sunt
756 1772 781 1814 et
796 1768 879 1829 rapio,
905 1767 1048 1829 mopsitlcu.
1083 1766 1148 1815 Vide
1173 1765 1319 1827 interpretes
1344 1764 1376 1812 sd

236 1843 340 1907 Nepotis
356 1844 463 1892 Eumen.
480 1845 529 1894 IV.

285 1924 315 1972 P.
333 1923 372 1972 60.
408 1927 491 1987 Atque
506 1926 571 1973 ulios
588 1922 666 1992 lesere
681 1927 717 1974 ud
726 1924 837 1987 furtum.
872 1925 915 1973 Ex
936 1923 1036 1974 scholio
1053 1921 1162 1972 Aesonis
1180 1928 1221 1978 „et
1243 1920 1315 1969 fieret
1336 1919 1375 1968 illi

236 2009 344 2066 potestus
363 2001 472 2063 eligendi
493 2018 508 2050 a
530 2003 587 2052 fatis
609 2017 670 2066 quos
692 2003 766 2054 vellet
782 2006 914 2066 parentes“
940 2002 1029 2052 coniici
1053 2008 1147 2064 posset,
1173 2000 1201 2049 in
1228 1999 1377 2063 quibusdam

239 2082 318 2134 MSS.
335 2082 423 2131 fuisse:
450 2084 489 2131 Ac
511 2085 610 2131 licitum
632 2084 676 2131 lros
693 2085 773 2145 tepere
788 2099 805 2132 u
815 2083 893 2145 sotis.
927 2083 993 2132 Mihi
1008 2082 1105 2130 licitum
1121 2088 1161 2130 est
1176 2083 1209 2128 ui
1225 2078 1376 2141 6110,ιίςηί-

238 2162 297 2212 ficut
312 2164 463 2227 perillum,
481 2167 603 2224 quonium
620 2163 651 2210 ad
669 2161 743 2210 illum
760 2162 855 2212 attinet

664 2345 697 2386 Ι.
733 2333 873 2385 SATIRA
890 2333 953 2383 VII.

287 2476 318 2524 P.
334 2477 374 2526 63.
410 2478 555 2540 Proscripti
581 2478 659 2539 Repis
684 2478 779 2539 Rupili
801 2491 852 2540 pus
876 2482 953 2539 utque
973 2491 1102 2526 venerum
1135 2475 1235 2524 Nomen
1252 2474 1346 2537 Rupilii
1362 2489 1378 2522 a

239 2571 304 2619 rupe
320 2557 426 2606 ducitur.
460 2555 535 2604 Talis
560 2561 621 2604 suut
639 2557 725 2615 Saea,
747 2559 845 2613 Petro,
868 2557 1022 2612 Petronius,
1045 2556 1177 2611 Petreius,
1198 2560 1224 2602 et
1238 2567 1377 2617 cognomen

240 2637 324 2684 Petro
346 2638 413 2699 opud
428 2638 509 2687 Tacit.
526 2636 597 2687 Anu.
615 2637 663 2687 XI.
681 2638 705 2686 4.
738 2637 794 2686 Iam
810 2637 893 2701 primo
914 2638 940 2686 in
958 2651 1034 2700 rupes
1049 2635 1206 2700 productim
1230 2650 1308 2700 quare
1328 2636 1377 2698 pri-

240 2731 307 2764 mum
329 2717 355 2764 iu
381 2719 485 2781 Rupilio
506 2718 547 2766 hic
568 2713 657 2782 corripi
678 2719 778 2766 miror„
798 2718 932 2767 Horetium
958 2717 1086 2780 scripsisse
1106 2716 1189 2780 potius
1206 2717 1293 2765 credo:
1312 2719 1377 2766 Pro·

238 2797 331 2856 scripti
348 2798 427 2860 Rapis
444 2799 538 2859 Rupili
552 2814 650 2860 puaque
665 2813 832 2860 venenumque
857 2800 986 2860 lerrtrlu.
1020 2796 1228 2861 Antepeuultima
1250 2796 1277 2844 in
1293 2797 1378 2859 Rupi-

239 2874 289 2921 lius
305 2875 462 2936 producitur,
479 2882 507 2923 ut
522 2877 550 2923 in
567 2878 696 2932 Lucilius,
713 2882 738 2925 et
756 2878 877 2925 Rutilius
893 2877 962 2939 epud
980 2876 1053 2927 Orid.
1071 2878 1140 2926 Fast.
1157 2875 1207 2925 VI.
1224 2877 1281 2926 663.
1301 2879 1379 2925 Herc

240 2953 297 3012 titi,
320 2969 368 3014 quo
388 2969 520 3016 properos,
542 2960 681 3002 nwuzoruut
699 2955 806 3009 elisisse,
836 2955 937 3013 Rutili,
965 2960 992 3002 et
1012 2956 1087 3004 Pont.
1108 2955 1378 3005 imitaturus

240 3029 382 3094 Micyllum.
416 3031 461 3080 An
476 3031 564 3092 poitae
579 3046 626 3093 pro
644 3033 770 3094 Rupilius
786 3032 935 3080 usitaverint
952 3035 1080 3094 Rupilue,
1097 3046 1130 3081 an
1142 3033 1250 3082 Rutilus
1265 3049 1311 3095 pro
1323 3037 1378 3084 Ru-

240 3112 331 3169 tilius,
348 3125 415 3158 nunc
432 3125 482 3158 non
499 3125 598 3174 quaero.

290 3188 322 3237 P.
339 3189 379 3237 64.
418 3191 518 3238 Ultimo
535 3206 607 3240 ruore.
624 3191 660 3239 Et
677 3191 788 3241 Gronov.
805 3191 872 3240 Livii
890 3190 977 3240 XLV.
997 3191 1034 3240 19.
1051 3207 1086 3240 ou
1107 3193 1226 3241 ultimum
1247 3193 1312 3241 mori
1327 3193 1378 3242 iue-

239 3284 330 3317 surum
346 3269 523 3331 interpretetur
539 3272 659 3334 denique,
676 3275 711 3321 ud
727 3273 854 3320 ultimum.

259 3363 262 3372 ·
291 3349 320 3398 P.
338 3350 378 3398 64.
413 3351 565 3402 Muneribus
590 3353 681 3401 muru.
715 3353 818 3400 Interea
841 3358 925 3400 tamen
946 3366 998 3399 non
1020 3350 1227 3408 obliviscendum,
1249 3350 1379 3412 scriptores

240 3443 314 3492 saepe
330 3430 361 3476 ad
378 3444 463 3478 versus
480 3431 585 3479 Homeri
601 3431 752 3494 respexisse,
768 3437 798 3478 ut
813 3445 859 3479 suu
870 3431 904 3479 eis
914 3430 1035 3478 memoria
1045 3428 1207 3492 suggerebat;
1224 3443 1274 3492 quo
1285 3429 1379 3478 fectum

240 3516 291 3567 est,
308 3515 337 3556 ut
353 3509 393 3557 vel
417 3509 491 3558 aliam
512 3510 570 3560 inde
587 3511 734 3558 sententiam
751 3512 885 3570 ducerent,
911 3509 952 3558 vel
973 3508 1000 3557 in
1022 3509 1163 3558 nominibus
1187 3515 1306 3558 errarem.
1339 3510 1380 3559 Ita

242 3588 369 3651 Nepos'in
385 3588 493 3637 Datame
509 3590 554 3638 ·11.
575 3595 662 3638 narrat
686 3589 851 3652 Pylamenem
873 3604 889 3638 s
914 3589 1032 3638 Patroclo
1052 3588 1209 3638 interfectum
1230 3602 1297 3646 esse,
1322 3602 1380 3637 cum

242 3669 380 3726 Homerus,
402 3683 475 3732 quem
492 3669 590 3728 laudet,
616 3685 631 3717 u
652 3669 768 3719 Menelao
784 3670 944 3719 interfectum
965 3669 1038 3718 dicat.
1071 3669 1140 3719 Vide
1161 3681 1225 3731 quoe
1245 3668 1331 3718 Bromi
1347 3669 1379 3717 ad

164 3787 165 3790 ,
243 3747 366 3810 Nepotem
384 3749 519 3796 annotavit.

293 3826 323 3875 P.
341 3827 381 3875 65.
418 3829 505 3876 Ditem
523 3826 620 3888 Asiuru,
638 3830 731 3891 Rupili
747 3835 771 3878 ei
789 3830 868 3877 Persi
883 3845 934 3890 pur
948 3834 1061 3892 pupuut,
1077 3830 1118 3877 uti
1134 3843 1192 3877 uon.
1214 3827 1242 3878 si
1257 3829 1340 3892 prima
1353 3830 1380 3878 iu

244 3907 339 3968 Rupili
356 3920 406 3954 nou
422 3913 503 3968 potest
519 3907 620 3969 corripi,
637 3907 678 3956 hic
695 3908 851 3956 scribendum
868 3908 926 3956 eritz
940 3910 1030 3956 Ditem
1043 3910 1146 3966 Asiam,
1164 3909 1259 3968 Rupili
1269 3914 1294 3956 et
1305 3910 1381 3957 Persi

242 3999 330 4046 pupuo
346 3991 416 4043 eut,
441 3990 471 4032 ut
487 4000 537 4033 nou
574 3985 712 4047 Corupositi
733 3987 824 4034 urelius
841 4001 897 4034 cum
914 3987 997 4035 Bitho
1013 3988 1150 4035 Bacchius.
1183 3986 1225 4033 Ex
1251 3984 1381 4047 postremis

243 4063 303 4110 setis
320 4063 468 4126 intelligitur
485 4079 560 4127 quem
576 4078 648 4127 pares
664 4071 746 4113 essent
762 4064 879 4127 Rupilius
897 4072 922 4113 et
938 4064 1048 4113 Persius.

295 4143 325 4191 P.
342 4144 382 4191 66.
418 4143 483 4191 Cum
505 4145 586 4192 Bitho
609 4145 745 4192 Bacchius.
779 4145 811 4192 In
832 4142 911 4193 MSS.
939 4144 1033 4200 Bittio,
1062 4145 1136 4199 Bito,
1156 4143 1227 4190 Bioo.
1253 4141 1382 4190 Bentleius

244 4235 278 4270 ex
295 4222 403 4272 Grutero
419 4228 445 4270 et
461 4223 553 4271 Marm.
570 4221 664 4271 Felsin.
682 4223 784 4270 nomina
805 4224 904 4270 Bittus
927 4223 1045 4270 Crescere
1066 4227 1091 4269 et
1110 4221 1157 4269 Cu.
1179 4223 1317 4282 Pompeius
1334 4223 1381 4268 Bi-

245 4304 306 4351 rius
322 4301 401 4351 affert.
434 4303 491 4364 Ego
515 4303 581 4365 apud
607 4302 710 4351 Livium
733 4302 865 4350 memorari
890 4302 962 4349 video
988 4299 1068 4348 filium
1090 4299 1157 4363 regis
1174 4298 1315 4359 Threcum,
1339 4301 1382 4364 qui

245 4381 419 4444 appellabatur
436 4383 506 4430 Bilis
522 4381 563 4431 vel
581 4383 685 4442 Bithys.
720 4381 786 4431 Cum
803 4381 891 4445 optimi
912 4380 1062 4445 gledistorm
1078 4385 1161 4428 essent
1182 4378 1306 4439 Threces,
1328 4380 1382 4430 fiori

245 4468 341 4523 potest,
356 4467 384 4510 ut
401 4460 520 4510 Horatius
542 4461 666 4525 scripserit
683 4477 739 4510 cum
758 4462 856 4524 Bitlrpe
879 4461 1014 4511 Bacchius.

295 4542 326 4590 P.
345 4541 385 4590 65.
437 4543 532 4590 Fertur
549 4558 597 4605 quo
614 4557 677 4592 roro
694 4543 794 4592 securis.
829 4541 860 4590 In
878 4541 938 4591 locis
955 4541 1090 4604 desperatis
1106 4554 1236 4604 nunquam
1253 4541 1313 4591 satis
1326 4557 1382 4590 oon-
