3542 5634
695 448 877 512 LIBER
924 450 948 512 l.

300 634 459 698 Mollius?
482 632 629 698 invideat
651 635 738 719 quod
762 642 796 700 et
819 636 1055 720 Hermogenes,
1080 640 1295 720 ego.canto.“

301 736 538 822 Interpellandi
561 737 651 802 locus
676 739 728 803 hic
751 744 837 803 erat:
878 739 966 822 „Est
989 738 1050 804 tibi
1074 744 1189 821 mater,

302 839 460 924 Cognati,
488 839 561 925 quis
578 846 611 905 te
628 841 719 906 selvo
734 847 786 907 est
801 844 928 927 opus?“
965 842 1089 925 „Haud
1103 842 1187 906 mihi
1200 843 1392 928 quiequam:

303 943 425 1008 Omnes
449 944 652 1028 composui.“
678 945 845 1028 „Felicesi
884 946 982 1011 Nunc
1006 967 1066 1030 ego
1090 952 1185 1010 reste.

302 1047 449 1111 Oonfice:
474 1069 616 1133 namque
640 1049 746 1114 instat
768 1049 876 1114 fatum
899 1048 983 1113 mihi
1007 1049 1120 1133 triste,
1146 1049 1277 1115 Sabella

302 1150 396 1230 Quod
418 1172 519 1234 puero
542 1151 661 1216 cecinit
684 1152 797 1218 divina
820 1157 911 1216 mota
933 1174 1016 1216 anus
1040 1174 1139 1216 urna:

303 1253 423 1335 „Hune
444 1275 540 1339 neque
561 1253 636 1318 dira
657 1277 790 1338 aeaeae,
815 1277 871 1320 uec
893 1255 1028 1320 baeticus
1049 1254 1173 1340 auferet
1198 1259 1295 1337 ensis,

303 1357 373 1420 Nee
396 1356 529 1421 laterum
551 1356 641 1421 dolor
662 1368 719 1422 aut
741 1363 855 1440 tussis,
880 1380 936 1422 uec
960 1359 1057 1422 tarda
1072 1359 1242 1444 paduam

309 1458 469 1524 Garrulus
490 1458 572 1523 bane
593 1460 717 1545 quando
743 1470 898 1526 emaumet
924 1482 1058 1546 cunque:
1086 1459 1242 1545 loquaces,

304 1561 343 1626 Si
368 1565 498 1646 sapiat,
521 1566 614 1644 citet,
643 1563 850 1649 simulatque
872 1563 1042 1628 ademerit
1068 1565 1191 1627 aetas.“

291 1751 399 1799 Felices!
432 1751 509 1799 Nunc
533 1766 574 1813 epo
599 1758 672 1801 resto.
712 1753 805 1816 Virgil.

844 1759 896 1811 eet,
921 1769 953 1802 ne
978 1755 1057 1802 totius
1081 1754 1147 1802 orbis
1165 1754 1280 1812 excidia,
1307 1756 1395 1803 arandi

257 1831 323 1880 Aen.
341 1829 389 1878 XI.
409 1829 463 1877 159.
498 1831 573 1876 Felia
590 1837 670 1879 morte
688 1838 747 1891 tua,
764 1849 804 1880 ne·
837 1832 927 1891 finem,
943 1833 1036 1880 ciuium
1052 1837 1393 1894 curteunepostremesan·

256 1909 346 1971 quein
363 1910 429 1958 bunc
444 1915 546 1957 sauata
563 1911 685 1958 dolorem!
708 1911 805 1958 Contra
844 1914 945 1958 starum
969 1913 1109 1974 cirninum,
1133 1912 1199 1972 quod
1223 1913 1291 1959 omni
1315 1917 1395 1960 rreorte

256 1988 415 2048 rennuenda
439 1989 488 2035 eici
509 2003 564 2035 area
583 1988 656 2048 feta,
677 1996 804 2051 super-stes
844 1991 958 2038 acerbius
975 1995 1030 2048 est,
1047 1990 1207 2039 colluvionem
1224 1990 1327 2037 viduet.

257 2067 393 2114 Rectorem
410 2072 440 2112 ut
456 2067 561 2128 penitor.
587 2066 655 2115 Hinc
671 2067 804 2114 emendan·
880 2066 996 2130 Namque
1012 2069 1095 2116 instat
1112 2069 1202 2128 satum
1224 2069 1287 2116 ruint
1307 2071 1393 2124 triste,

257 2145 316 2192 dum
334 2152 393 2209 puto
409 2145 477 2194 Vell.
493 2145 591 2194 Patere.
608 2145 644 2195 Π.
662 2148 702 2195 49.
727 2148 805 2194 Nune
846 2144 949 2192 Sabella
986 2145 1059 2203 Quod
1081 2159 1159 2206 puero
1186 2147 1278 2192 cecinit
1307 2149 1395 2196 diuina

255 2226 383 2286 proposito
402 2227 474 2288 operi
494 2241 542 2274 aua
560 2226 649 2289 sarua
670 2228 804 2286 reddatur,

255 2305 279 2351 ei
298 2305 372 2366 prius
395 2307 542 2368 pratulatus
571 2322 613 2355 ero
642 2308 673 2366 Q.
698 2306 804 2363 Catule,

256 2385 351 2432 duobus
379 2382 503 2439 Lucullis,
526 2384 674 2448 Metelloque
690 2391 715 2435 et
735 2387 804 2434 Hor·

256 2465 348 2522 tentia·
374 2463 419 2525 qai
443 2477 499 2512 cum
523 2463 578 2510 sine
594 2465 692 2512 inuidia
707 2465 735 2512 in
751 2481 803 2528 rep.

250 2541 416 2603 floruissent,
432 2543 642 2604 enainuissentque
662 2545 717 2592 sine
735 2549 804 2605 pert·

255 2622 323 2677 culo,
348 2623 448 2684 quieta,
469 2626 516 2668 aut
533 2627 599 2670 certe
615 2637 664 2670 non
680 2625 804 2686 praecipi-

845 2229 912 2271 meta
939 2240 1003 2273 anus
1019 2239 1093 2272 urna.
1137 2223 1264 2272 Bentleius
1292 2227 1394 2290 corrigit

846 2308 914 2350 nicta
938 2305 1027 2351 diuina
1055 2317 1119 2350 unus
1149 2317 1223 2350 arna.
1267 2303 1308 2354 Sic
1332 2305 1394 2354 mihi

845 2381 930 2430 iuncta
940 2397 991 2431 non
1001 2381 1098 2444 placent
1112 2397 1177 2430 anus
1188 2383 1289 2430 Sabella
1297 2385 1393 2432 diuina.

845 2461 920 2510 Esset
937 2462 1003 2511 enim
1021 2459 1171 2522 tautologia,
1188 2461 1246 2522 quia
1262 2476 1327 2509 auus
1344 2463 1391 2510 Sa-

845 2541 910 2588 bella
928 2547 952 2590 et
964 2542 1060 2599 diune,
1078 2546 1179 2602 propter¹
1193 2539 1317 2600 adjectum
1331 2543 1392 2590 ceci·

845 2623 884 2667 nit
902 2626 970 2668 mata
980 2635 1047 2668 urna
1057 2619 1122 2666 idem
1135 2617 1284 2680 significant.
1301 2620 1394 2668 Exem-

257 2704 322 2758 tata,
333 2701 803 2762 satalianteiuitiumbellarumeiri·
844 2698 886 2761 pla
911 2698 1009 2748 Bentlei
1034 2713 1122 2761 parum
1147 2697 1196 2745 hnc
1211 2697 1292 2746 facere
1309 2699 1394 2747 viden-

256 2781 318 2828 lium
331 2789 410 2830 auerte
412 2781 503 2843 suncti
514 2785 581 2827 sunt.
606 2780 717 2842 Legum:
728 2782 806 2843 felici
844 2784 893 2826 tur.
928 2780 1001 2829 Acies
1022 2781 1149 2828 Vulcania
1166 2785 1203 2826 est
1219 2781 1395 2840 laniabantur

256 2861 434 2907 anteinitium
452 2861 572 2907 bellorum
588 2860 700 2906 ciciliam
725 2868 806 2909 morte
845 2857 972 2906 Plutonia
993 2864 1030 2905 est
1050 2859 1139 2906 Orcus.
1176 2858 1230 2905 lam
1247 2865 1312 2906 recte
1334 2858 1395 2906 adei
1425 2875 1427 2879 ·

249 2936 342 3000 flauere
358 2943 425 2985 rant.
459 2936 501 2985 Illi
517 2935 653 2984 floruerant
668 2937 695 2983 in
711 2952 763 2999 rep.
780 2945 806 2986 et
844 2935 984 2984 Vulcanius
995 2935 1095 2982 additur
1107 2938 1299 2993 barrida,recte
1309 2937 1394 2984 domui

256 3018 412 3065 eminuerunt
437 3017 491 3064 sine
514 3015 623 3077 pericrdo
655 3015 738 3078 quieta
762 3025 805 3065 aut
845 3013 978 3061 Plutoniae
1011 3014 1111 3061 additur
1138 3018 1228 3073 erilis,
1253 3030 1305 3062 non
1329 3023 1395 3064 reete

255 3102 322 3144 certe
339 3109 389 3143 non
405 3094 570 3158 praecipitata.
592 3094 696 3143 Tacitus
718 3095 804 3158 Agric.
846 3092 968 3140 diceretur
985 3094 1051 3141 aeia
1068 3094 1194 3140 Vulcania
1210 3096 1295 3154 iqneu,
1314 3109 1394 3157 neque

254 3175 295 3223 44.
328 3175 398 3222 Filia
422 3181 499 3237 atque
520 3188 598 3222 eruore
622 3170 804 3236 superstitibus
845 3173 933 3219 doinus
952 3172 1077 3218 Plutonia
1097 3171 1189 3232 infera.
1217 3169 1259 3221 Sic
1275 3186 1338 3220 anus
1350 3173 1394 3222 Sa·

254 3258 337 3316 pateat
362 3254 441 3301 rideri
465 3255 544 3302 etia-m
568 3255 670 3310 beatus,
686 3255 806 3302 ineolumi
846 3249 910 3296 bella
928 3249 969 3298 hic
987 3264 1038 3298 nou
1062 3249 1156 3312 respuit
1177 3251 1276 3312 quidem
1302 3251 1394 3314 epithe-

256 3331 392 3394 diqnitate,
407 3331 517 3394 florente
527 3333 618 3396 sama,
640 3334 719 3380 saleis
748 3332 806 3393 effi·
846 3334 901 3386 ton,
920 3329 1015 3392 respuit
1039 3335 1123 3377 autem
1148 3330 1242 3378 divina.
1277 3330 1395 3380 Fortasse

256 3413 382 3460 nitatibus
405 3418 430 3460 et
456 3414 593 3471 amicitiis,
615 3412 714 3475 sutura
741 3412 806 3473 effu-
846 3407 991 3470 legendum:
1012 3411 1129 3470 Namque
1146 3409 1227 3456 instat
1236 3410 1328 3470 saturn
1350 3411 1394 3458 rni-

256 3491 330 3553 yisee.
372 3491 509 3552 Postquam
534 3488 621 3539 Cicero
646 3491 676 3538 de
701 3489 807 3540 Oratore
846 3487 873 3532 lei
891 3490 965 3536 triste
982 3489 1104 3544 senellae,
1141 3488 1215 3546 Quod
1232 3501 1311 3549 puero
1327 3493 1395 3536 mota

258 3569 310 3618 111.
326 3571 350 3619 3.
367 3569 515 3617 sententiam
531 3569 605 3618 istam
621 3570 651 3618 de
662 3568 727 3617 felici
741 3583 807 3617 mor·
846 3566 937 3614 cecinit
955 3568 1041 3614 diuina
1069 3581 1134 3614 anae
1156 3581 1231 3614 urna.
1270 3565 1394 3628 Virgilius

258 3646 291 3694 tis
320 3649 504 3712 opportunitate
534 3647 609 3710 longe
642 3647 807 3710 pulcherrime
847 3643 912 3691 dixit
927 3644 993 3694 Aen.
1003 3644 1050 3694 Ν.
1068 3645 1124 3695 612.
1143 3648 1174 3696 Si
1192 3651 1294 3708 tuaque
1303 3651 1394 3708 portus

258 3724 437 3785 elaboraverat,
453 3726 545 3776 multos
561 3734 648 3775 nactus
670 3734 708 3776 est
726 3728 806 3776 imite-
849 3723 992 3785 Infandum
1018 3731 1112 3786 capul,
1142 3741 1172 3775 aa
1197 3730 1275 3775 terrie
1299 3727 1395 3774 adnare

258 3813 332 3863 tores,
348 3805 482 3868 velpetres
490 3805 683 3854 Ecclesiasticus.
700 3805 805 3854 Hieron.
846 3817 941 3850 maesse
965 3807 1019 3858 eet,
1052 3804 1091 3850 Et
1116 3806 1153 3852 ric
1169 3803 1235 3864 fata
1255 3806 1326 3853 Iocis
1340 3819 1394 3867 por-

259 3884 339 3946 Epist.
355 3884 395 3933 35.
421 3886 496 3932 Felix
515 3887 680 3946 Nepotianus,
692 3888 738 3947 qui
746 3886 806 3935 baec
846 3887 916 3930 eunt.
930 3882 996 3930 Aen.
1005 3881 1054 3930 VI.
1068 3882 1124 3934 376.
1138 3883 1231 3930 Desine
1233 3885 1299 3944 sata
1313 3884 1395 3931 Deum

258 3977 309 4010 non
325 3965 400 4011 ridet.
427 3965 509 4020 Felix,
526 3966 570 4026 qui
585 3966 638 4013 ista
656 3979 706 4012 non
723 3966 805 4013 audit.
840 3959 917 4021 flecti
943 3975 1045 4022 sperare
1073 3963 1207 4022 precando.
1248 3961 1281 4009 In
1307 3959 1394 4010 Satiris

260 4043 315 4090 Nos
340 4043 433 4098 irrisui,
461 4049 508 4091 aut
532 4046 663 4105 patimur,
690 4047 737 4089 aut
759 4058 806 4104 pa·
847 4038 962 4101 saepead
979 4037 1037 4084 talia
1057 4037 1184 4097 alluditur,
1201 4045 1225 4086 et
1242 4038 1305 4086 seria
1318 4038 1345 4086 in
1362 4039 1394 4087 ri-

260 4122 350 4170 tientes
362 4121 464 4178 vtratres
481 4126 574 4171 nostros
596 4127 671 4170 tanta
685 4122 807 4183 perspici-
847 4115 957 4164 diculum
979 4123 1118 4164 vertuntur.
1146 4119 1239 4164 Fatum
1267 4119 1395 4176 Sabellue,

260 4215 324 4248 naua.
341 4199 421 4262 Epist.
435 4201 475 4249 95.
503 4203 577 4250 Felix
594 4205 672 4249 nrorte
688 4214 745 4257 sua,
764 4201 808 4261 qui
847 4202 876 4242 ut
886 4195 950 4255 sata
969 4195 1050 4250 Iouis,
1069 4199 1161 4251 Deum,
1178 4194 1203 4241 id
1215 4195 1281 4258 quod
1297 4194 1395 4245 Sebeda

258 4282 379 4328 neuuilit
387 4282 503 4342 patriam
516 4284 679 4328 corruentem.
689 4277 806 4327 Ambros.
848 4273 899 4321 fata
917 4279 967 4332 est,
983 4273 1048 4335 quod
1065 4287 1141 4336 puero
1155 4273 1251 4332 cecinit,
1268 4275 1395 4336 verbasc-

260 4359 292 4408 Τ.
308 4357 330 4409 Ι.
347 4374 371 4422 p.
390 4358 461 4409 1122.
487 4359 650 4421 Raptusest,
666 4371 697 4405 ne
710 4359 738 4405 iu
756 4372 808 4405 rna·
850 4353 917 4400 talia
941 4351 1069 4408 Sabellae,
1093 4355 1189 4402 dictura
1215 4354 1342 4413 Sebritae,
1369 4363 1395 4403 ut

259 4455 308 4487 nus
332 4440 453 4487 incideret
483 4439 656 4486 barbarorum.
705 4437 809 4497 Raptus
849 4432 937 4481 Horat.
963 4431 988 4480 iu
1015 4430 1099 4481 Germ.
1133 4431 1273 4482 Saeculari:
1303 4433 1397 4496 Verque
