<?xml version="1.0" encoding="UTF-8"?>
<!DOCTYPE html PUBLIC "-//W3C//DTD XHTML 1.0 Transitional//EN"
    "http://www.w3.org/TR/xhtml1/DTD/xhtml1-transitional.dtd">
<html xmlns="http://www.w3.org/1999/xhtml" xml:lang="en" lang="en">
 <head>
  <title>
</title>
<meta http-equiv="Content-Type" content="text/html;charset=utf-8" />
  <meta name='ocr-system' content='tesseract 3.04.00' />
  <meta name='ocr-capabilities' content='ocr_page ocr_carea ocr_par ocr_line ocrx_word'/>
</head>
<body>
  <div class='ocr_page' id='page_1' title='image "./qhoratiiflaccis01peergoog_0217.png"; bbox 0 0 3542 5634; ppageno 0'>
   <div class='ocr_carea' id='block_1_1' title="bbox 413 505 1148 578">
    <p class='ocr_par' dir='ltr' id='par_1_1' title="bbox 413 505 1148 578">
     <span class='ocr_line' id='line_1_1' title="bbox 413 505 1148 578; baseline -0.01 -6"><span class='ocrx_word' id='word_1_1' title='bbox 413 511 471 572; x_wconf 78' lang='lat'>192</span> <span class='ocrx_word' id='word_1_2' title='bbox 796 505 840 568; x_wconf 92' lang='grc' dir='ltr'>ΙΙ.</span> <span class='ocrx_word' id='word_1_3' title='bbox 888 523 1015 569; x_wconf 72' lang='lat' dir='ltr'>serras</span> <span class='ocrx_word' id='word_1_4' title='bbox 1038 523 1091 578; x_wconf 81' lang='lat' dir='ltr'>tv,</span> <span class='ocrx_word' id='word_1_5' title='bbox 1116 522 1148 566; x_wconf 87' lang='lat' dir='ltr'>v.</span> 
     </span>
    </p>
   </div>
   <div class='ocr_carea' id='block_1_2' title="bbox 374 688 1543 1939">
    <p class='ocr_par' dir='ltr' id='par_1_2' title="bbox 405 688 1543 913">
     <span class='ocr_line' id='line_1_2' title="bbox 409 688 1543 754; baseline 0.001 -15"><span class='ocrx_word' id='word_1_6' title='bbox 409 691 456 740; x_wconf 90' lang='lat' dir='ltr'>Vel</span> <span class='ocrx_word' id='word_1_7' title='bbox 472 692 499 738; x_wconf 92' lang='lat' dir='ltr'>in</span> <span class='ocrx_word' id='word_1_8' title='bbox 515 692 627 740; x_wconf 85' lang='lat' dir='ltr'>oratione</span> <span class='ocrx_word' id='word_1_9' title='bbox 643 703 716 754; x_wconf 86' lang='lat' dir='ltr'>prosa</span> <span class='ocrx_word' id='word_1_10' title='bbox 732 689 821 740; x_wconf 88' lang='lat' dir='ltr'>melius</span> <span class='ocrx_word' id='word_1_11' title='bbox 838 695 915 738; x_wconf 86' lang='lat' dir='ltr'>esset:</span> <span class='ocrx_word' id='word_1_12' title='bbox 934 689 1017 738; x_wconf 81' lang='lat' dir='ltr'>Mater</span> <span class='ocrx_word' id='word_1_13' title='bbox 1033 690 1104 752; x_wconf 84' lang='lat' dir='ltr'>pueri</span> <span class='ocrx_word' id='word_1_14' title='bbox 1125 688 1276 752; x_wconf 80' lang='lat' dir='ltr'>aegrotantis</span> <span class='ocrx_word' id='word_1_15' title='bbox 1293 690 1340 737; x_wconf 82' lang='lat' dir='ltr'>ait:</span> <span class='ocrx_word' id='word_1_16' title='bbox 1367 688 1543 754; x_wconf 74' lang='lat' dir='ltr'>ffi&#39;quartana</span> 
     </span>
     <span class='ocr_line' id='line_1_3' title="bbox 406 747 1542 834; baseline 0 -16"><span class='ocrx_word' id='word_1_17' title='bbox 406 747 510 828; x_wconf 76' lang='lat' dir='ltr'>puerum</span> <span class='ocrx_word' id='word_1_18' title='bbox 527 770 666 834; x_wconf 82' lang='lat' dir='ltr'>reliquerit,</span> <span class='ocrx_word' id='word_1_19' title='bbox 683 769 757 820; x_wconf 87' lang='lat' dir='ltr'>stabit</span> <span class='ocrx_word' id='word_1_20' title='bbox 774 769 799 818; x_wconf 92' lang='lat' dir='ltr'>in</span> <span class='ocrx_word' id='word_1_21' title='bbox 817 769 910 819; x_wconf 81' lang='lat' dir='ltr'>Tiberi.</span> <span class='ocrx_word' id='word_1_22' title='bbox 944 767 1024 818; x_wconf 81' lang='lat' dir='ltr'>Casus</span> <span class='ocrx_word' id='word_1_23' title='bbox 1040 768 1081 818; x_wconf 89' lang='lat' dir='ltr'>vel</span> <span class='ocrx_word' id='word_1_24' title='bbox 1097 768 1207 817; x_wconf 81' lang='lat' dir='ltr'>medicus</span> <span class='ocrx_word' id='word_1_25' title='bbox 1228 767 1330 825; x_wconf 87' lang='lat' dir='ltr'>levarit,</span> <span class='ocrx_word' id='word_1_26' title='bbox 1355 768 1435 817; x_wconf 86' lang='lat' dir='ltr'>delira</span> <span class='ocrx_word' id='word_1_27' title='bbox 1458 769 1542 818; x_wconf 80' lang='lat' dir='ltr'>lixum</span> 
     </span>
     <span class='ocr_line' id='line_1_4' title="bbox 405 849 724 913; baseline -0.003 -16"><span class='ocrx_word' id='word_1_28' title='bbox 405 849 431 898; x_wconf 88' lang='lat' dir='ltr'>in</span> <span class='ocrx_word' id='word_1_29' title='bbox 448 851 503 913; x_wconf 91' lang='lat' dir='ltr'>ripa</span> <span class='ocrx_word' id='word_1_30' title='bbox 519 849 604 912; x_wconf 85' lang='lat' dir='ltr'>gelida</span> <span class='ocrx_word' id='word_1_31' title='bbox 619 849 724 909; x_wconf 78' lang='lat' dir='ltr'>neoabit.</span> 
     </span>
    </p>

    <p class='ocr_par' dir='ltr' id='par_1_3' title="bbox 374 925 1541 1703">
     <span class='ocr_line' id='line_1_5' title="bbox 454 925 1541 990; baseline 0.002 -13"><span class='ocrx_word' id='word_1_32' title='bbox 454 930 483 978; x_wconf 92' lang='lat' dir='ltr'>P.</span> <span class='ocrx_word' id='word_1_33' title='bbox 504 929 557 976; x_wconf 81' lang='lat'>130.</span> <span class='ocrx_word' id='word_1_34' title='bbox 592 929 700 976; x_wconf 74' lang='lat' dir='ltr'>Dixerit</span> <span class='ocrx_word' id='word_1_35' title='bbox 717 930 835 976; x_wconf 82' lang='lat' dir='ltr'>insanum</span> <span class='ocrx_word' id='word_1_36' title='bbox 852 929 961 990; x_wconf 80' lang='lat' dir='ltr'>quaein</span> <span class='ocrx_word' id='word_1_37' title='bbox 977 943 1021 975; x_wconf 92' lang='lat' dir='ltr'>me.</span> <span class='ocrx_word' id='word_1_38' title='bbox 1055 925 1224 989; x_wconf 77' lang='lat' dir='ltr'><strong>Hieronymus</strong></span> <span class='ocrx_word' id='word_1_39' title='bbox 1249 927 1305 974; x_wconf 86' lang='lat' dir='ltr'>adv.</span> <span class='ocrx_word' id='word_1_40' title='bbox 1330 925 1416 989; x_wconf 77' lang='lat' dir='ltr'>Peag.</span> <span class='ocrx_word' id='word_1_41' title='bbox 1454 930 1541 988; x_wconf 81' lang='lat' dir='ltr'>Quam</span> 
     </span>
     <span class='ocr_line' id='line_1_6' title="bbox 404 1006 1175 1070; baseline -0.006 -13"><span class='ocrx_word' id='word_1_42' title='bbox 404 1009 511 1066; x_wconf 67' lang='lat' dir='ltr'>dixeris,</span> <span class='ocrx_word' id='word_1_43' title='bbox 529 1021 594 1070; x_wconf 84' lang='lat' dir='ltr'>quae</span> <span class='ocrx_word' id='word_1_44' title='bbox 610 1008 730 1065; x_wconf 77' lang='lat' dir='ltr'>nolueris,</span> <span class='ocrx_word' id='word_1_45' title='bbox 748 1007 837 1054; x_wconf 56' lang='lat' dir='ltr'>anama</span> <span class='ocrx_word' id='word_1_46' title='bbox 852 1021 917 1068; x_wconf 83' lang='lat' dir='ltr'>qaue</span> <span class='ocrx_word' id='word_1_47' title='bbox 934 1020 1091 1068; x_wconf 81' lang='lat' dir='ltr'>nequaquam</span> <span class='ocrx_word' id='word_1_48' title='bbox 1108 1006 1175 1054; x_wconf 78' lang='lat' dir='ltr'>reiis.</span> 
     </span>
     <span class='ocr_line' id='line_1_7' title="bbox 374 1082 1540 1148; baseline -0.001 -11"><span class='ocrx_word' id='word_1_49' title='bbox 374 1101 379 1112; x_wconf 91' lang='grc'><em>·</em></span> <span class='ocrx_word' id='word_1_50' title='bbox 452 1088 483 1137; x_wconf 88' lang='lat' dir='ltr'>P.</span> <span class='ocrx_word' id='word_1_51' title='bbox 503 1089 557 1136; x_wconf 82' lang='lat'>131.</span> <span class='ocrx_word' id='word_1_52' title='bbox 592 1087 646 1135; x_wconf 78' lang='lat' dir='ltr'>Soa·</span> <span class='ocrx_word' id='word_1_53' title='bbox 662 1087 707 1135; x_wconf 81' lang='lat' dir='ltr'>hoe</span> <span class='ocrx_word' id='word_1_54' title='bbox 723 1088 790 1134; x_wconf 84' lang='lat' dir='ltr'>Iano</span> <span class='ocrx_word' id='word_1_55' title='bbox 805 1087 907 1142; x_wconf 82' lang='lat' dir='ltr'>datam,</span> <span class='ocrx_word' id='word_1_56' title='bbox 923 1086 968 1148; x_wconf 82' lang='lat' dir='ltr'>qni</span> <span class='ocrx_word' id='word_1_57' title='bbox 983 1100 1031 1133; x_wconf 81' lang='lat' dir='ltr'>rna</span> <span class='ocrx_word' id='word_1_58' title='bbox 1047 1086 1235 1147; x_wconf 78' lang='lat' dir='ltr'>terqaeideiui.</span> <span class='ocrx_word' id='word_1_59' title='bbox 1259 1082 1413 1135; x_wconf 83' lang='lat' dir='ltr'>Obeandem</span> <span class='ocrx_word' id='word_1_60' title='bbox 1424 1101 1540 1136; x_wconf 86' lang='lat' dir='ltr'>oaussam</span> 
     </span>
     <span class='ocr_line' id='line_1_8' title="bbox 406 1155 1540 1229; baseline 0.002 -14"><span class='ocrx_word' id='word_1_61' title='bbox 406 1165 548 1216; x_wconf 78' lang='lat' dir='ltr'>Gronovius</span> <span class='ocrx_word' id='word_1_62' title='bbox 565 1180 616 1214; x_wconf 92' lang='lat' dir='ltr'>non</span> <span class='ocrx_word' id='word_1_63' title='bbox 633 1164 727 1214; x_wconf 83' lang='lat' dir='ltr'>ferebat</span> <span class='ocrx_word' id='word_1_64' title='bbox 744 1166 804 1222; x_wconf 87' lang='lat' dir='ltr'>ista,</span> <span class='ocrx_word' id='word_1_65' title='bbox 822 1179 886 1228; x_wconf 86' lang='lat' dir='ltr'>quae</span> <span class='ocrx_word' id='word_1_66' title='bbox 903 1165 1022 1228; x_wconf 82' lang='lat' dir='ltr'>leguntur</span> <span class='ocrx_word' id='word_1_67' title='bbox 1039 1165 1066 1212; x_wconf 92' lang='lat' dir='ltr'>in</span> <span class='ocrx_word' id='word_1_68' title='bbox 1082 1155 1158 1214; x_wconf 82' lang='lat' dir='ltr'>Livio</span> <span class='ocrx_word' id='word_1_69' title='bbox 1174 1164 1261 1214; x_wconf 85' lang='lat' dir='ltr'>XLII.</span> <span class='ocrx_word' id='word_1_70' title='bbox 1278 1165 1319 1215; x_wconf 88' lang='lat'>61.</span> <span class='ocrx_word' id='word_1_71' title='bbox 1352 1168 1440 1229; x_wconf 75' lang='lat' dir='ltr'>Spolia</span> <span class='ocrx_word' id='word_1_72' title='bbox 1457 1184 1540 1218; x_wconf 84' lang='lat' dir='ltr'>caeso-</span> 
     </span>
     <span class='ocr_line' id='line_1_9' title="bbox 402 1244 1540 1311; baseline 0.004 -19"><span class='ocrx_word' id='word_1_73' title='bbox 402 1261 460 1294; x_wconf 86' lang='lat' dir='ltr'>rum</span> <span class='ocrx_word' id='word_1_74' title='bbox 477 1247 586 1293; x_wconf 80' lang='lat' dir='ltr'>hostium</span> <span class='ocrx_word' id='word_1_75' title='bbox 604 1245 714 1292; x_wconf 80' lang='lat' dir='ltr'>hameris</span> <span class='ocrx_word' id='word_1_76' title='bbox 729 1250 840 1308; x_wconf 74' lang='lat' dir='ltr'>perentes</span> <span class='ocrx_word' id='word_1_77' title='bbox 862 1249 922 1293; x_wconf 80' lang='lat' dir='ltr'>unte</span> <span class='ocrx_word' id='word_1_78' title='bbox 937 1259 982 1292; x_wconf 87' lang='lat' dir='ltr'>oro</span> <span class='ocrx_word' id='word_1_79' title='bbox 1000 1259 1047 1292; x_wconf 80' lang='lat' dir='ltr'>mo</span> <span class='ocrx_word' id='word_1_80' title='bbox 1061 1245 1185 1292; x_wconf 79' lang='lat' dir='ltr'>audivere.</span> <span class='ocrx_word' id='word_1_81' title='bbox 1213 1244 1353 1293; x_wconf 85' lang='lat' dir='ltr'>Annotavit</span> <span class='ocrx_word' id='word_1_82' title='bbox 1369 1247 1409 1294; x_wconf 89' lang='lat' dir='ltr'>vir</span> <span class='ocrx_word' id='word_1_83' title='bbox 1418 1262 1540 1311; x_wconf 84' lang='lat' dir='ltr'>magnus:</span> 
     </span>
     <span class='ocr_line' id='line_1_10' title="bbox 403 1322 1539 1391; baseline 0.003 -17"><span class='ocrx_word' id='word_1_84' title='bbox 403 1323 545 1386; x_wconf 76' lang='lat' dir='ltr'>„Bifrontes</span> <span class='ocrx_word' id='word_1_85' title='bbox 564 1324 650 1387; x_wconf 88' lang='lat' dir='ltr'>utique</span> <span class='ocrx_word' id='word_1_86' title='bbox 671 1322 740 1372; x_wconf 85' lang='lat' dir='ltr'>fuere</span> <span class='ocrx_word' id='word_1_87' title='bbox 757 1323 804 1372; x_wconf 85' lang='lat' dir='ltr'>hoe</span> <span class='ocrx_word' id='word_1_88' title='bbox 829 1337 909 1385; x_wconf 84' lang='lat' dir='ltr'>genus</span> <span class='ocrx_word' id='word_1_89' title='bbox 934 1323 1077 1382; x_wconf 92' lang='lat' dir='ltr'>hominum,</span> <span class='ocrx_word' id='word_1_90' title='bbox 1101 1323 1157 1387; x_wconf 89' lang='lat' dir='ltr'>qui,</span> <span class='ocrx_word' id='word_1_91' title='bbox 1180 1337 1244 1387; x_wconf 88' lang='lat' dir='ltr'>quae</span> <span class='ocrx_word' id='word_1_92' title='bbox 1268 1325 1378 1374; x_wconf 86' lang='lat' dir='ltr'>humeris</span> <span class='ocrx_word' id='word_1_93' title='bbox 1405 1329 1539 1391; x_wconf 85' lang='lat' dir='ltr'>gerebant,</span> 
     </span>
     <span class='ocr_line' id='line_1_11' title="bbox 402 1402 1538 1464; baseline 0.008 -14"><span class='ocrx_word' id='word_1_94' title='bbox 402 1409 459 1452; x_wconf 84' lang='lat' dir='ltr'>ante</span> <span class='ocrx_word' id='word_1_95' title='bbox 475 1417 520 1450; x_wconf 90' lang='lat' dir='ltr'>ora</span> <span class='ocrx_word' id='word_1_96' title='bbox 536 1417 581 1450; x_wconf 87' lang='lat' dir='ltr'>sua</span> <span class='ocrx_word' id='word_1_97' title='bbox 597 1402 729 1451; x_wconf 88' lang='lat' dir='ltr'>habuere.“</span> <span class='ocrx_word' id='word_1_98' title='bbox 762 1402 838 1464; x_wconf 80' lang='lat' dir='ltr'>Logit</span> <span class='ocrx_word' id='word_1_99' title='bbox 847 1404 972 1464; x_wconf 78' lang='lat' dir='ltr'>facinora</span> <span class='ocrx_word' id='word_1_100' title='bbox 988 1417 1036 1450; x_wconf 83' lang='lat' dir='ltr'>rna</span> <span class='ocrx_word' id='word_1_101' title='bbox 1061 1404 1190 1462; x_wconf 83' lang='lat' dir='ltr'>andirere,</span> <span class='ocrx_word' id='word_1_102' title='bbox 1217 1402 1257 1451; x_wconf 90' lang='lat' dir='ltr'>vel</span> <span class='ocrx_word' id='word_1_103' title='bbox 1281 1405 1377 1453; x_wconf 83' lang='lat' dir='ltr'>deeora.</span> <span class='ocrx_word' id='word_1_104' title='bbox 1412 1405 1538 1459; x_wconf 87' lang='lat' dir='ltr'>Coniieio:</span> 
     </span>
     <span class='ocr_line' id='line_1_12' title="bbox 400 1480 1538 1551; baseline 0.004 -21"><span class='ocrx_word' id='word_1_105' title='bbox 400 1497 460 1530; x_wconf 75' lang='lat' dir='ltr'>aaut</span> <span class='ocrx_word' id='word_1_106' title='bbox 476 1484 562 1531; x_wconf 79' lang='lat' dir='ltr'>landes</span> <span class='ocrx_word' id='word_1_107' title='bbox 579 1485 703 1532; x_wconf 76' lang='lat' dir='ltr'>audivere.</span> <span class='ocrx_word' id='word_1_108' title='bbox 737 1482 769 1530; x_wconf 91' lang='lat' dir='ltr'>In</span> <span class='ocrx_word' id='word_1_109' title='bbox 785 1497 812 1530; x_wconf 88' lang='lat' dir='ltr'>os</span> <span class='ocrx_word' id='word_1_110' title='bbox 830 1480 1003 1530; x_wconf 76' lang='lat' dir='ltr'><strong>laudabantur.</strong></span> <span class='ocrx_word' id='word_1_111' title='bbox 1038 1482 1215 1531; x_wconf 84' lang='lat' dir='ltr'>Emendandus</span> <span class='ocrx_word' id='word_1_112' title='bbox 1232 1483 1272 1531; x_wconf 88' lang='lat' dir='ltr'>hio</span> <span class='ocrx_word' id='word_1_113' title='bbox 1289 1492 1327 1531; x_wconf 87' lang='lat' dir='ltr'>est</span> <span class='ocrx_word' id='word_1_114' title='bbox 1343 1493 1429 1534; x_wconf 87' lang='lat' dir='ltr'>auetor</span> <span class='ocrx_word' id='word_1_115' title='bbox 1440 1487 1538 1551; x_wconf 83' lang='lat' dir='ltr'>Synon,</span> 
     </span>
     <span class='ocr_line' id='line_1_13' title="bbox 401 1559 1536 1627; baseline 0.004 -17"><span class='ocrx_word' id='word_1_116' title='bbox 401 1559 512 1610; x_wconf 76' lang='lat' dir='ltr'>ciceron.</span> <span class='ocrx_word' id='word_1_117' title='bbox 529 1563 568 1610; x_wconf 89' lang='lat' dir='ltr'>ed.</span> <span class='ocrx_word' id='word_1_118' title='bbox 585 1561 682 1610; x_wconf 88' lang='lat' dir='ltr'>Mahnii</span> <span class='ocrx_word' id='word_1_119' title='bbox 698 1577 723 1624; x_wconf 88' lang='lat' dir='ltr'>p.</span> <span class='ocrx_word' id='word_1_120' title='bbox 739 1562 779 1610; x_wconf 81' lang='lat'>46.</span> <span class='ocrx_word' id='word_1_121' title='bbox 811 1563 932 1611; x_wconf 83' lang='lat' dir='ltr'>Virtutes.</span> <span class='ocrx_word' id='word_1_122' title='bbox 951 1564 1056 1611; x_wconf 66' lang='lat' dir='ltr'>saum</span> <span class='ocrx_word' id='word_1_123' title='bbox 1086 1563 1240 1624; x_wconf 70' lang='lat' dir='ltr'>aermnae.</span> <span class='ocrx_word' id='word_1_124' title='bbox 1270 1565 1369 1612; x_wconf 75' lang='lat' dir='ltr'>Fortia</span> <span class='ocrx_word' id='word_1_125' title='bbox 1379 1564 1536 1627; x_wconf 80' lang='lat' dir='ltr'>lsoeinora.</span> 
     </span>
     <span class='ocr_line' id='line_1_14' title="bbox 402 1639 830 1703; baseline 0.002 -16"><span class='ocrx_word' id='word_1_126' title='bbox 402 1640 520 1688; x_wconf 84' lang='lat' dir='ltr'>Mahnius</span> <span class='ocrx_word' id='word_1_127' title='bbox 537 1639 637 1688; x_wconf 84' lang='lat' dir='ltr'>volebat</span> <span class='ocrx_word' id='word_1_128' title='bbox 647 1640 734 1703; x_wconf 83' lang='lat' dir='ltr'>sertia</span> <span class='ocrx_word' id='word_1_129' title='bbox 744 1640 830 1703; x_wconf 81' lang='lat' dir='ltr'>sarto.</span> 
     </span>
    </p>

    <p class='ocr_par' dir='ltr' id='par_1_4' title="bbox 399 1719 1539 1939">
     <span class='ocr_line' id='line_1_15' title="bbox 449 1719 1535 1783; baseline 0.003 -15"><span class='ocrx_word' id='word_1_130' title='bbox 449 1719 479 1768; x_wconf 93' lang='lat' dir='ltr'>P.</span> <span class='ocrx_word' id='word_1_131' title='bbox 499 1720 553 1768; x_wconf 85' lang='lat'>132.</span> <span class='ocrx_word' id='word_1_132' title='bbox 587 1720 713 1768; x_wconf 75' lang='lat' dir='ltr'><strong><em>Maiorem</em></strong></span> <span class='ocrx_word' id='word_1_133' title='bbox 730 1725 873 1782; x_wconf 71' lang='lat' dir='ltr'>corporari</span> <span class='ocrx_word' id='word_1_134' title='bbox 889 1720 975 1767; x_wconf 82' lang='lat' dir='ltr'>armis.</span> <span class='ocrx_word' id='word_1_135' title='bbox 1008 1719 1084 1768; x_wconf 85' lang='lat' dir='ltr'>Adde</span> <span class='ocrx_word' id='word_1_136' title='bbox 1105 1720 1226 1783; x_wconf 83' lang='lat' dir='ltr'>exemplis</span> <span class='ocrx_word' id='word_1_137' title='bbox 1250 1721 1296 1769; x_wconf 87' lang='lat' dir='ltr'>hoo</span> <span class='ocrx_word' id='word_1_138' title='bbox 1317 1721 1385 1770; x_wconf 84' lang='lat' dir='ltr'>Livii</span> <span class='ocrx_word' id='word_1_139' title='bbox 1401 1722 1535 1776; x_wconf 88' lang='lat' dir='ltr'>XXXVI.</span> 
     </span>
     <span class='ocr_line' id='line_1_16' title="bbox 399 1798 1539 1867; baseline 0.009 -23"><span class='ocrx_word' id='word_1_140' title='bbox 399 1798 440 1845; x_wconf 80' lang='lat'>29.</span> <span class='ocrx_word' id='word_1_141' title='bbox 473 1799 640 1860; x_wconf 81' lang='lat' dir='ltr'>Aliqnumdia</span> <span class='ocrx_word' id='word_1_142' title='bbox 656 1799 760 1848; x_wconf 78' lang='lat' dir='ltr'>dubium</span> <span class='ocrx_word' id='word_1_143' title='bbox 773 1799 899 1860; x_wconf 83' lang='lat' dir='ltr'>proelium</span> <span class='ocrx_word' id='word_1_144' title='bbox 910 1798 982 1861; x_wconf 83' lang='lat' dir='ltr'>fnit,</span> <span class='ocrx_word' id='word_1_145' title='bbox 998 1804 1028 1846; x_wconf 82' lang='lat' dir='ltr'>ai</span> <span class='ocrx_word' id='word_1_146' title='bbox 1043 1801 1125 1848; x_wconf 78' lang='lat' dir='ltr'>eodem</span> <span class='ocrx_word' id='word_1_147' title='bbox 1140 1816 1172 1849; x_wconf 77' lang='lat' dir='ltr'>ee</span> <span class='ocrx_word' id='word_1_148' title='bbox 1185 1807 1263 1864; x_wconf 83' lang='lat' dir='ltr'>parte</span> <span class='ocrx_word' id='word_1_149' title='bbox 1278 1806 1386 1867; x_wconf 81' lang='lat' dir='ltr'>ntraqroe</span> <span class='ocrx_word' id='word_1_150' title='bbox 1407 1819 1495 1866; x_wconf 60' lang='lat' dir='ltr'>penae</span> <span class='ocrx_word' id='word_1_151' title='bbox 1511 1814 1539 1856; x_wconf 83' lang='lat' dir='ltr'>et</span> 
     </span>
     <span class='ocr_line' id='line_1_17' title="bbox 400 1878 607 1939; baseline 0.01 -15"><span class='ocrx_word' id='word_1_152' title='bbox 400 1878 478 1925; x_wconf 86' lang='lat' dir='ltr'>armis</span> <span class='ocrx_word' id='word_1_153' title='bbox 492 1879 607 1939; x_wconf 80' lang='lat' dir='ltr'>poribus.</span> 
     </span>
    </p>
   </div>
   <div class='ocr_carea' id='block_1_3' title="bbox 818 2033 1114 2085">
    <p class='ocr_par' dir='ltr' id='par_1_5' title="bbox 818 2033 1114 2085">
     <span class='ocr_line' id='line_1_18' title="bbox 818 2033 1114 2085; baseline 0.003 -1"><span class='ocrx_word' id='word_1_154' title='bbox 818 2045 876 2085; x_wconf 88' lang='lat'>11.</span> <span class='ocrx_word' id='word_1_155' title='bbox 911 2033 1048 2085; x_wconf 83' lang='lat' dir='ltr'><strong>SATIRA</strong></span> <span class='ocrx_word' id='word_1_156' title='bbox 1065 2036 1114 2085; x_wconf 88' lang='lat' dir='ltr'>IV.</span> 
     </span>
    </p>
   </div>
   <div class='ocr_carea' id='block_1_4' title="bbox 389 2195 1535 3131">
    <p class='ocr_par' dir='ltr' id='par_1_6' title="bbox 389 2195 1535 3043">
     <span class='ocr_line' id='line_1_19' title="bbox 392 2195 1534 2260; baseline 0.011 -18"><span class='ocrx_word' id='word_1_157' title='bbox 392 2200 398 2212; x_wconf 91' lang='lat'>&#39;</span> <span class='ocrx_word' id='word_1_158' title='bbox 446 2195 476 2243; x_wconf 89' lang='lat' dir='ltr'>P.</span> <span class='ocrx_word' id='word_1_159' title='bbox 497 2195 552 2244; x_wconf 76' lang='lat'>138.</span> <span class='ocrx_word' id='word_1_160' title='bbox 590 2196 722 2252; x_wconf 77' lang='lat' dir='ltr'>Quatenus</span> <span class='ocrx_word' id='word_1_161' title='bbox 738 2196 789 2244; x_wconf 82' lang='lat' dir='ltr'>imo</span> <span class='ocrx_word' id='word_1_162' title='bbox 805 2197 871 2257; x_wconf 82' lang='lat' dir='ltr'>petit</span> <span class='ocrx_word' id='word_1_163' title='bbox 887 2196 987 2243; x_wconf 82' lang='lat' dir='ltr'>oolrene</span> <span class='ocrx_word' id='word_1_164' title='bbox 1004 2196 1088 2243; x_wconf 84' lang='lat' dir='ltr'>oiierm</span> <span class='ocrx_word' id='word_1_165' title='bbox 1105 2196 1216 2243; x_wconf 73' lang='lat' dir='ltr'>vitellus.</span> <span class='ocrx_word' id='word_1_166' title='bbox 1240 2195 1395 2260; x_wconf 83' lang='lat' dir='ltr'>Porphyrio:</span> <span class='ocrx_word' id='word_1_167' title='bbox 1413 2204 1534 2259; x_wconf 69' lang='lat' dir='ltr'>„slim</span> 
     </span>
     <span class='ocr_line' id='line_1_20' title="bbox 393 2272 1534 2336; baseline 0.009 -16"><span class='ocrx_word' id='word_1_168' title='bbox 393 2272 518 2323; x_wconf 61' lang='lat' dir='ltr'>&#39;inridier‘</span> <span class='ocrx_word' id='word_1_169' title='bbox 549 2274 630 2336; x_wconf 87' lang='lat' dir='ltr'>Lege:</span> <span class='ocrx_word' id='word_1_170' title='bbox 647 2275 759 2323; x_wconf 75' lang='lat' dir='ltr'>mnuoeu.</span> <span class='ocrx_word' id='word_1_171' title='bbox 792 2275 889 2324; x_wconf 83' lang='lat' dir='ltr'><strong>Vocem</strong></span> <span class='ocrx_word' id='word_1_172' title='bbox 907 2274 1056 2322; x_wconf 87' lang='lat' dir='ltr'>illustratam</span> <span class='ocrx_word' id='word_1_173' title='bbox 1073 2275 1131 2322; x_wconf 86' lang='lat' dir='ltr'>vide</span> <span class='ocrx_word' id='word_1_174' title='bbox 1146 2275 1173 2322; x_wconf 89' lang='lat' dir='ltr'>in</span> <span class='ocrx_word' id='word_1_175' title='bbox 1189 2276 1282 2324; x_wconf 86' lang='lat' dir='ltr'>Lexioo</span> <span class='ocrx_word' id='word_1_176' title='bbox 1298 2277 1402 2326; x_wconf 87' lang='lat' dir='ltr'>Rustico</span> <span class='ocrx_word' id='word_1_177' title='bbox 1418 2279 1534 2330; x_wconf 86' lang='lat' dir='ltr'>Gesneri.</span> 
     </span>
     <span class='ocr_line' id='line_1_21' title="bbox 396 2353 1535 2416; baseline 0.009 -16"><span class='ocrx_word' id='word_1_178' title='bbox 396 2353 468 2401; x_wconf 89' lang='lat' dir='ltr'>Idem</span> <span class='ocrx_word' id='word_1_179' title='bbox 484 2353 626 2416; x_wconf 88' lang='lat' dir='ltr'>Porphyrio</span> <span class='ocrx_word' id='word_1_180' title='bbox 643 2354 771 2402; x_wconf 77' lang='lat' dir='ltr'>annotavit</span> <span class='ocrx_word' id='word_1_181' title='bbox 787 2354 818 2401; x_wconf 87' lang='lat' dir='ltr'>ad</span> <span class='ocrx_word' id='word_1_182' title='bbox 835 2353 910 2401; x_wconf 89' lang='lat' dir='ltr'>huius</span> <span class='ocrx_word' id='word_1_183' title='bbox 927 2353 1024 2403; x_wconf 86' lang='lat' dir='ltr'>Satirae</span> <span class='ocrx_word' id='word_1_184' title='bbox 1040 2368 1077 2403; x_wconf 86' lang='lat' dir='ltr'>vs.</span> <span class='ocrx_word' id='word_1_185' title='bbox 1101 2355 1138 2403; x_wconf 75' lang='lat'>14.</span> <span class='ocrx_word' id='word_1_186' title='bbox 1172 2371 1283 2412; x_wconf 86' lang='lat' dir='ltr'>„morem</span> <span class='ocrx_word' id='word_1_187' title='bbox 1304 2359 1419 2406; x_wconf 76' lang='lat' dir='ltr'>cohibent</span> <span class='ocrx_word' id='word_1_188' title='bbox 1437 2363 1535 2410; x_wconf 77' lang='lat' dir='ltr'>calloso</span> 
     </span>
     <span class='ocr_line' id='line_1_22' title="bbox 395 2429 1532 2500; baseline 0.01 -22"><span class='ocrx_word' id='word_1_189' title='bbox 395 2433 523 2480; x_wconf 73' lang='lat' dir='ltr'>tirellum:</span> <span class='ocrx_word' id='word_1_190' title='bbox 546 2429 612 2491; x_wconf 87' lang='lat' dir='ltr'>„Ovi</span> <span class='ocrx_word' id='word_1_191' title='bbox 628 2446 686 2494; x_wconf 86' lang='lat' dir='ltr'>pars</span> <span class='ocrx_word' id='word_1_192' title='bbox 703 2433 791 2482; x_wconf 87' lang='lat' dir='ltr'>media.</span> <span class='ocrx_word' id='word_1_193' title='bbox 825 2435 859 2481; x_wconf 84' lang='lat' dir='ltr'>Et</span> <span class='ocrx_word' id='word_1_194' title='bbox 876 2439 935 2481; x_wconf 91' lang='lat' dir='ltr'>nota</span> <span class='ocrx_word' id='word_1_195' title='bbox 951 2435 1030 2496; x_wconf 88' lang='lat' dir='ltr'>quod,</span> <span class='ocrx_word' id='word_1_196' title='bbox 1055 2447 1112 2480; x_wconf 87' lang='lat' dir='ltr'>oum</span> <span class='ocrx_word' id='word_1_197' title='bbox 1137 2433 1176 2481; x_wconf 90' lang='lat' dir='ltr'>hio</span> <span class='ocrx_word' id='word_1_198' title='bbox 1192 2435 1328 2483; x_wconf 83' lang='lat' dir='ltr'>masculino</span> <span class='ocrx_word' id='word_1_199' title='bbox 1344 2451 1434 2499; x_wconf 84' lang='lat' dir='ltr'>genere</span> <span class='ocrx_word' id='word_1_200' title='bbox 1450 2440 1532 2500; x_wconf 84' lang='lat' dir='ltr'>dieat,</span> 
     </span>
     <span class='ocr_line' id='line_1_23' title="bbox 395 2508 1533 2576; baseline 0.012 -20"><span class='ocrx_word' id='word_1_201' title='bbox 395 2508 453 2556; x_wconf 88' lang='lat' dir='ltr'>alibi</span> <span class='ocrx_word' id='word_1_202' title='bbox 470 2509 588 2557; x_wconf 86' lang='lat' dir='ltr'>feminino</span> <span class='ocrx_word' id='word_1_203' title='bbox 604 2510 651 2559; x_wconf 86' lang='lat' dir='ltr'>sio:</span> <span class='ocrx_word' id='word_1_204' title='bbox 677 2511 807 2573; x_wconf 77' lang='lat' dir='ltr'>Quatenus</span> <span class='ocrx_word' id='word_1_205' title='bbox 832 2512 883 2561; x_wconf 87' lang='lat' dir='ltr'>ima</span> <span class='ocrx_word' id='word_1_206' title='bbox 907 2513 970 2576; x_wconf 86' lang='lat' dir='ltr'>petit</span> <span class='ocrx_word' id='word_1_207' title='bbox 995 2514 1099 2561; x_wconf 84' lang='lat' dir='ltr'>volvens</span> <span class='ocrx_word' id='word_1_208' title='bbox 1115 2512 1196 2561; x_wconf 83' lang='lat' dir='ltr'>aliena</span> <span class='ocrx_word' id='word_1_209' title='bbox 1212 2515 1338 2564; x_wconf 86' lang='lat' dir='ltr'>vitellus.“</span> <span class='ocrx_word' id='word_1_210' title='bbox 1370 2517 1533 2570; x_wconf 85' lang='lat' dir='ltr'>Heindorfius</span> 
     </span>
     <span class='ocr_line' id='line_1_24' title="bbox 395 2588 1532 2657; baseline 0.011 -23"><span class='ocrx_word' id='word_1_211' title='bbox 395 2593 466 2650; x_wconf 86' lang='lat' dir='ltr'>putet</span> <span class='ocrx_word' id='word_1_212' title='bbox 482 2588 680 2652; x_wconf 85' lang='lat' dir='ltr'>Porphyrionem</span> <span class='ocrx_word' id='word_1_213' title='bbox 697 2593 782 2640; x_wconf 83' lang='lat' dir='ltr'>olima</span> <span class='ocrx_word' id='word_1_214' title='bbox 798 2592 909 2641; x_wconf 86' lang='lat' dir='ltr'>iunxisse</span> <span class='ocrx_word' id='word_1_215' title='bbox 930 2607 986 2641; x_wconf 89' lang='lat' dir='ltr'>oum</span> <span class='ocrx_word' id='word_1_216' title='bbox 1010 2595 1123 2652; x_wconf 79' lang='lat' dir='ltr'>vitellus,</span> <span class='ocrx_word' id='word_1_217' title='bbox 1149 2601 1276 2657; x_wconf 88' lang='lat' dir='ltr'>tamquam</span> <span class='ocrx_word' id='word_1_218' title='bbox 1296 2601 1379 2643; x_wconf 87' lang='lat' dir='ltr'>essent</span> <span class='ocrx_word' id='word_1_219' title='bbox 1397 2597 1532 2648; x_wconf 88' lang='lat' dir='ltr'>substanti-</span> 
     </span>
     <span class='ocr_line' id='line_1_25' title="bbox 396 2666 1533 2739; baseline 0.011 -27"><span class='ocrx_word' id='word_1_220' title='bbox 396 2679 455 2712; x_wconf 90' lang='lat' dir='ltr'>vum</span> <span class='ocrx_word' id='word_1_221' title='bbox 473 2672 498 2713; x_wconf 93' lang='lat' dir='ltr'>et</span> <span class='ocrx_word' id='word_1_222' title='bbox 514 2666 672 2715; x_wconf 86' lang='lat' dir='ltr'>adiectivum.</span> <span class='ocrx_word' id='word_1_223' title='bbox 707 2669 859 2736; x_wconf 43' lang='lat' dir='ltr'>Porphyrio‘</span> <span class='ocrx_word' id='word_1_224' title='bbox 883 2671 910 2718; x_wconf 92' lang='lat' dir='ltr'>ni</span> <span class='ocrx_word' id='word_1_225' title='bbox 927 2670 1013 2729; x_wconf 87' lang='lat' dir='ltr'>fallor,</span> <span class='ocrx_word' id='word_1_226' title='bbox 1038 2671 1107 2720; x_wconf 88' lang='lat' dir='ltr'>aliud</span> <span class='ocrx_word' id='word_1_227' title='bbox 1123 2671 1216 2730; x_wconf 88' lang='lat' dir='ltr'>voluit,</span> <span class='ocrx_word' id='word_1_228' title='bbox 1240 2673 1288 2721; x_wconf 90' lang='lat' dir='ltr'>hoo</span> <span class='ocrx_word' id='word_1_229' title='bbox 1303 2688 1404 2737; x_wconf 83' lang='lat' dir='ltr'>nempe:</span> <span class='ocrx_word' id='word_1_230' title='bbox 1430 2679 1533 2739; x_wconf 86' lang='lat' dir='ltr'>quando</span> 
     </span>
     <span class='ocr_line' id='line_1_26' title="bbox 393 2744 1531 2814; baseline 0.012 -23"><span class='ocrx_word' id='word_1_231' title='bbox 393 2745 494 2792; x_wconf 72' lang='lat' dir='ltr'>entellus</span> <span class='ocrx_word' id='word_1_232' title='bbox 510 2744 599 2792; x_wconf 85' lang='lat' dir='ltr'>dicitnr</span> <span class='ocrx_word' id='word_1_233' title='bbox 615 2746 646 2793; x_wconf 90' lang='lat' dir='ltr'>de</span> <span class='ocrx_word' id='word_1_234' title='bbox 663 2760 709 2793; x_wconf 92' lang='lat' dir='ltr'>ovo</span> <span class='ocrx_word' id='word_1_235' title='bbox 727 2750 864 2807; x_wconf 80' lang='lat' dir='ltr'>columboe,</span> <span class='ocrx_word' id='word_1_236' title='bbox 882 2751 952 2812; x_wconf 87' lang='lat' dir='ltr'>qnasi</span> <span class='ocrx_word' id='word_1_237' title='bbox 969 2750 996 2797; x_wconf 89' lang='lat' dir='ltr'>in</span> <span class='ocrx_word' id='word_1_238' title='bbox 1012 2764 1104 2813; x_wconf 81' lang='lat' dir='ltr'>genere</span> <span class='ocrx_word' id='word_1_239' title='bbox 1120 2750 1236 2800; x_wconf 84' lang='lat' dir='ltr'>feminino</span> <span class='ocrx_word' id='word_1_240' title='bbox 1252 2751 1350 2813; x_wconf 85' lang='lat' dir='ltr'>dieitur,</span> <span class='ocrx_word' id='word_1_241' title='bbox 1366 2755 1398 2802; x_wconf 89' lang='lat' dir='ltr'>de</span> <span class='ocrx_word' id='word_1_242' title='bbox 1413 2769 1462 2804; x_wconf 91' lang='lat' dir='ltr'>ovo</span> <span class='ocrx_word' id='word_1_243' title='bbox 1478 2771 1531 2814; x_wconf 84' lang='lat' dir='ltr'>ma-</span> 
     </span>
     <span class='ocr_line' id='line_1_27' title="bbox 393 2823 1531 2896; baseline 0.015 -27"><span class='ocrx_word' id='word_1_244' title='bbox 393 2835 445 2870; x_wconf 90' lang='lat' dir='ltr'>rem</span> <span class='ocrx_word' id='word_1_245' title='bbox 462 2823 617 2881; x_wconf 80' lang='lat' dir='ltr'>continente,</span> <span class='ocrx_word' id='word_1_246' title='bbox 633 2825 704 2887; x_wconf 89' lang='lat' dir='ltr'>quasi</span> <span class='ocrx_word' id='word_1_247' title='bbox 720 2825 747 2872; x_wconf 92' lang='lat' dir='ltr'>in</span> <span class='ocrx_word' id='word_1_248' title='bbox 763 2828 901 2876; x_wconf 84' lang='lat' dir='ltr'>masculino</span> <span class='ocrx_word' id='word_1_249' title='bbox 917 2844 1015 2891; x_wconf 85' lang='lat' dir='ltr'>genere.</span> <span class='ocrx_word' id='word_1_250' title='bbox 1049 2831 1145 2879; x_wconf 86' lang='lat' dir='ltr'>Eodem</span> <span class='ocrx_word' id='word_1_251' title='bbox 1170 2831 1221 2880; x_wconf 87' lang='lat' dir='ltr'>fere</span> <span class='ocrx_word' id='word_1_252' title='bbox 1245 2834 1330 2892; x_wconf 87' lang='lat' dir='ltr'>modo,</span> <span class='ocrx_word' id='word_1_253' title='bbox 1352 2848 1402 2896; x_wconf 88' lang='lat' dir='ltr'>quo</span> <span class='ocrx_word' id='word_1_254' title='bbox 1427 2838 1531 2886; x_wconf 77' lang='lat' dir='ltr'>vitellus</span> 
     </span>
     <span class='ocr_line' id='line_1_28' title="bbox 389 2900 1529 2984; baseline 0.013 -34"><span class='ocrx_word' id='word_1_255' title='bbox 389 2901 528 2957; x_wconf 77' lang='lat' dir='ltr'>columbae,</span> <span class='ocrx_word' id='word_1_256' title='bbox 545 2900 660 2949; x_wconf 87' lang='lat' dir='ltr'>dicuntur</span> <span class='ocrx_word' id='word_1_257' title='bbox 675 2906 742 2966; x_wconf 82' lang='lat' dir='ltr'>peili</span> <span class='ocrx_word' id='word_1_258' title='bbox 758 2921 853 2965; x_wconf 85' lang='lat' dir='ltr'>ronne,</span> <span class='ocrx_word' id='word_1_259' title='bbox 870 2907 907 2956; x_wconf 93' lang='lat' dir='ltr'>II.</span> <span class='ocrx_word' id='word_1_260' title='bbox 925 2909 999 2958; x_wconf 85' lang='lat' dir='ltr'>Satir.</span> <span class='ocrx_word' id='word_1_261' title='bbox 1016 2909 1067 2979; x_wconf 48' lang='lat'>1117</span> <span class='ocrx_word' id='word_1_262' title='bbox 1084 2911 1141 2959; x_wconf 75' lang='lat'>315.</span> <span class='ocrx_word' id='word_1_263' title='bbox 1158 2911 1201 2959; x_wconf 90' lang='lat' dir='ltr'>ubi</span> <span class='ocrx_word' id='word_1_264' title='bbox 1217 2912 1299 2962; x_wconf 80' lang='lat' dir='ltr'>Aeto:</span> <span class='ocrx_word' id='word_1_265' title='bbox 1324 2914 1452 2971; x_wconf 73' lang='lat' dir='ltr'>„Nomtur</span> <span class='ocrx_word' id='word_1_266' title='bbox 1468 2916 1529 2984; x_wconf 69' lang='lat' dir='ltr'>hoe,</span> 
     </span>
     <span class='ocr_line' id='line_1_29' title="bbox 390 2980 844 3043; baseline 0.018 -17"><span class='ocrx_word' id='word_1_267' title='bbox 390 2981 456 3042; x_wconf 86' lang='lat' dir='ltr'>quod</span> <span class='ocrx_word' id='word_1_268' title='bbox 472 2980 538 3032; x_wconf 81' lang='lat' dir='ltr'>dieat</span> <span class='ocrx_word' id='word_1_269' title='bbox 554 2980 646 3043; x_wconf 90' lang='lat' dir='ltr'>pullos,</span> <span class='ocrx_word' id='word_1_270' title='bbox 664 2981 727 3031; x_wconf 89' lang='lat' dir='ltr'>filios</span> <span class='ocrx_word' id='word_1_271' title='bbox 744 2989 844 3034; x_wconf 86' lang='lat' dir='ltr'>rauee.“</span> 
     </span>
    </p>

    <p class='ocr_par' dir='ltr' id='par_1_7' title="bbox 437 3058 1530 3131">
     <span class='ocr_line' id='line_1_30' title="bbox 437 3058 1530 3131; baseline 0.013 -24"><span class='ocrx_word' id='word_1_272' title='bbox 437 3058 468 3107; x_wconf 89' lang='lat' dir='ltr'>P.</span> <span class='ocrx_word' id='word_1_273' title='bbox 488 3060 542 3108; x_wconf 80' lang='lat'>140.</span> <span class='ocrx_word' id='word_1_274' title='bbox 580 3062 706 3123; x_wconf 77' lang='lat' dir='ltr'>oblitum,</span> <span class='ocrx_word' id='word_1_275' title='bbox 736 3071 831 3127; x_wconf 82' lang='lat' dir='ltr'>quanto</span> <span class='ocrx_word' id='word_1_276' title='bbox 856 3082 945 3116; x_wconf 83' lang='lat' dir='ltr'>earam</span> <span class='ocrx_word' id='word_1_277' title='bbox 970 3075 1130 3131; x_wconf 68' lang='lat' dir='ltr'>semitamque</span> <span class='ocrx_word' id='word_1_278' title='bbox 1154 3071 1274 3119; x_wconf 81' lang='lat' dir='ltr'>minorem</span> <span class='ocrx_word' id='word_1_279' title='bbox 1306 3072 1381 3120; x_wconf 84' lang='lat' dir='ltr'>Haeo</span> <span class='ocrx_word' id='word_1_280' title='bbox 1405 3073 1530 3131; x_wconf 76' lang='lat' dir='ltr'>micant,</span> 
     </span>
    </p>
   </div>
   <div class='ocr_carea' id='block_1_5' title="bbox 392 3139 1623 3214">
    <p class='ocr_par' dir='ltr' id='par_1_8' title="bbox 392 3139 1623 3214">
     <span class='ocr_line' id='line_1_31' title="bbox 392 3139 1623 3214; baseline 0.014 -29"><span class='ocrx_word' id='word_1_281' title='bbox 392 3144 465 3187; x_wconf 80' lang='lat' dir='ltr'>tanto</span> <span class='ocrx_word' id='word_1_282' title='bbox 481 3141 630 3200; x_wconf 80' lang='lat' dir='ltr'>reprehendi</span> <span class='ocrx_word' id='word_1_283' title='bbox 645 3142 739 3191; x_wconf 77' lang='lat' dir='ltr'>iustine</span> <span class='ocrx_word' id='word_1_284' title='bbox 755 3146 824 3208; x_wconf 75' lang='lat' dir='ltr'>iliis,</span> <span class='ocrx_word' id='word_1_285' title='bbox 845 3148 918 3205; x_wconf 80' lang='lat' dir='ltr'>Quae</span> <span class='ocrx_word' id='word_1_286' title='bbox 934 3147 986 3196; x_wconf 79' lang='lat' dir='ltr'>nisi</span> <span class='ocrx_word' id='word_1_287' title='bbox 1003 3150 1124 3198; x_wconf 80' lang='lat' dir='ltr'>divitibus</span> <span class='ocrx_word' id='word_1_288' title='bbox 1141 3156 1266 3212; x_wconf 78' lang='lat' dir='ltr'>nequeant</span> <span class='ocrx_word' id='word_1_289' title='bbox 1276 3153 1418 3214; x_wconf 77' lang='lat' dir='ltr'>eontinpere</span> <span class='ocrx_word' id='word_1_290' title='bbox 1428 3155 1530 3201; x_wconf 77' lang='lat' dir='ltr'>mensis.</span> <span class='ocrx_word' id='word_1_291' title='bbox 1617 3139 1623 3146; x_wconf 52' lang='grc'>’</span> 
     </span>
    </p>
   </div>
   <div class='ocr_carea' id='block_1_6' title="bbox 391 3216 1530 3370">
    <p class='ocr_par' dir='ltr' id='par_1_9' title="bbox 391 3216 1530 3370">
     <span class='ocr_line' id='line_1_32' title="bbox 391 3216 1528 3294; baseline 0.011 -27"><span class='ocrx_word' id='word_1_292' title='bbox 391 3216 460 3267; x_wconf 87' lang='lat' dir='ltr'>Ordo</span> <span class='ocrx_word' id='word_1_293' title='bbox 477 3217 609 3268; x_wconf 87' lang='lat' dir='ltr'>verbomm</span> <span class='ocrx_word' id='word_1_294' title='bbox 626 3228 737 3271; x_wconf 86' lang='lat' dir='ltr'>mutatus</span> <span class='ocrx_word' id='word_1_295' title='bbox 754 3227 901 3275; x_wconf 83' lang='lat' dir='ltr'>sententiam</span> <span class='ocrx_word' id='word_1_296' title='bbox 918 3227 1009 3277; x_wconf 86' lang='lat' dir='ltr'>efficiet</span> <span class='ocrx_word' id='word_1_297' title='bbox 1033 3227 1179 3278; x_wconf 75' lang='lat' dir='ltr'>facilioremt</span> <span class='ocrx_word' id='word_1_298' title='bbox 1207 3231 1320 3278; x_wconf 82' lang='lat' dir='ltr'>oblitum</span> <span class='ocrx_word' id='word_1_299' title='bbox 1347 3236 1419 3280; x_wconf 82' lang='lat' dir='ltr'>tanto</span> <span class='ocrx_word' id='word_1_300' title='bbox 1443 3246 1528 3294; x_wconf 78' lang='lat' dir='ltr'>repre</span> 
     </span>
     <span class='ocr_line' id='line_1_33' title="bbox 391 3297 1530 3370; baseline 0.011 -24"><span class='ocrx_word' id='word_1_301' title='bbox 391 3297 467 3346; x_wconf 70' lang='lat' dir='ltr'>hemi</span> <span class='ocrx_word' id='word_1_302' title='bbox 480 3299 586 3355; x_wconf 73' lang='lat' dir='ltr'>inertias,</span> <span class='ocrx_word' id='word_1_303' title='bbox 606 3300 659 3348; x_wconf 80' lang='lat' dir='ltr'>iilis</span> <span class='ocrx_word' id='word_1_304' title='bbox 676 3303 750 3352; x_wconf 84' lang='lat' dir='ltr'>Haec</span> <span class='ocrx_word' id='word_1_305' title='bbox 766 3305 875 3354; x_wconf 74' lang='lat' dir='ltr'>labeoni</span> <span class='ocrx_word' id='word_1_306' title='bbox 891 3313 986 3368; x_wconf 80' lang='lat' dir='ltr'>quanto</span> <span class='ocrx_word' id='word_1_307' title='bbox 1006 3323 1094 3357; x_wconf 84' lang='lat' dir='ltr'>earam</span> <span class='ocrx_word' id='word_1_308' title='bbox 1118 3315 1275 3370; x_wconf 76' lang='lat' dir='ltr'>servatumque</span> <span class='ocrx_word' id='word_1_309' title='bbox 1298 3312 1418 3359; x_wconf 70' lang='lat' dir='ltr'>retinerem</span> <span class='ocrx_word' id='word_1_310' title='bbox 1454 3312 1530 3370; x_wconf 81' lang='lat' dir='ltr'>Quae</span> 
     </span>
    </p>
   </div>
   <div class='ocr_carea' id='block_1_7' title="bbox 390 3376 1527 3502">
    <p class='ocr_par' dir='ltr' id='par_1_10' title="bbox 390 3376 1527 3502">
     <span class='ocr_line' id='line_1_34' title="bbox 391 3376 1527 3450; baseline 0.014 -28"><span class='ocrx_word' id='word_1_311' title='bbox 391 3376 441 3423; x_wconf 82' lang='lat' dir='ltr'>nisi</span> <span class='ocrx_word' id='word_1_312' title='bbox 457 3376 579 3424; x_wconf 81' lang='lat' dir='ltr'>divitibus</span> <span class='ocrx_word' id='word_1_313' title='bbox 594 3385 720 3440; x_wconf 81' lang='lat' dir='ltr'>nequeant</span> <span class='ocrx_word' id='word_1_314' title='bbox 737 3385 879 3446; x_wconf 80' lang='lat' dir='ltr'>eoniinpere</span> <span class='ocrx_word' id='word_1_315' title='bbox 898 3387 998 3436; x_wconf 72' lang='lat' dir='ltr'>mmm.</span> <span class='ocrx_word' id='word_1_316' title='bbox 1030 3386 1161 3448; x_wconf 84' lang='lat' dir='ltr'>Iungends</span> <span class='ocrx_word' id='word_1_317' title='bbox 1177 3394 1238 3450; x_wconf 89' lang='lat' dir='ltr'>puto</span> <span class='ocrx_word' id='word_1_318' title='bbox 1255 3389 1373 3437; x_wconf 79' lang='lat' dir='ltr'>minorem</span> <span class='ocrx_word' id='word_1_319' title='bbox 1393 3390 1456 3448; x_wconf 83' lang='lat' dir='ltr'>iliis,</span> <span class='ocrx_word' id='word_1_320' title='bbox 1476 3405 1527 3439; x_wconf 90' lang='lat' dir='ltr'>non</span> 
     </span>
     <span class='ocr_line' id='line_1_35' title="bbox 390 3455 565 3502; baseline 0 -2"><span class='ocrx_word' id='word_1_321' title='bbox 390 3455 484 3502; x_wconf 81' lang='lat' dir='ltr'>matins</span> <span class='ocrx_word' id='word_1_322' title='bbox 504 3455 565 3502; x_wconf 81' lang='lat' dir='ltr'>illis.</span> 
     </span>
    </p>
   </div>
   <div class='ocr_carea' id='block_1_8' title="bbox 820 3569 1100 3620">
    <p class='ocr_par' dir='ltr' id='par_1_11' title="bbox 820 3569 1100 3620">
     <span class='ocr_line' id='line_1_36' title="bbox 820 3569 1100 3620; baseline 0 -1"><span class='ocrx_word' id='word_1_323' title='bbox 820 3579 877 3620; x_wconf 88' lang='lat'>11.</span> <span class='ocrx_word' id='word_1_324' title='bbox 913 3569 1049 3620; x_wconf 82' lang='lat' dir='ltr'>SATIRA</span> <span class='ocrx_word' id='word_1_325' title='bbox 1066 3571 1100 3620; x_wconf 87' lang='lat' dir='ltr'>V.</span> 
     </span>
    </p>
   </div>
   <div class='ocr_carea' id='block_1_9' title="bbox 338 3701 1526 4564">
    <p class='ocr_par' dir='ltr' id='par_1_12' title="bbox 386 3701 1526 4160">
     <span class='ocr_line' id='line_1_37' title="bbox 441 3701 1526 3763; baseline -0.003 -10"><span class='ocrx_word' id='word_1_326' title='bbox 441 3706 470 3754; x_wconf 90' lang='lat' dir='ltr'>P.</span> <span class='ocrx_word' id='word_1_327' title='bbox 490 3706 543 3754; x_wconf 80' lang='lat'>143.</span> <span class='ocrx_word' id='word_1_328' title='bbox 578 3704 720 3762; x_wconf 79' lang='lat' dir='ltr'>,‚Qainte,“</span> <span class='ocrx_word' id='word_1_329' title='bbox 736 3707 816 3763; x_wconf 82' lang='lat' dir='ltr'>puta,</span> <span class='ocrx_word' id='word_1_330' title='bbox 833 3707 879 3749; x_wconf 83' lang='lat' dir='ltr'>nat</span> <span class='ocrx_word' id='word_1_331' title='bbox 897 3701 1027 3758; x_wconf 45' lang='lat' dir='ltr'>„Petite</span> <span class='ocrx_word' id='word_1_332' title='bbox 1040 3701 1150 3762; x_wconf 72' lang='lat' dir='ltr'>pandent</span> <span class='ocrx_word' id='word_1_333' title='bbox 1166 3703 1330 3761; x_wconf 80' lang='lat' dir='ltr'>praenomine</span> <span class='ocrx_word' id='word_1_334' title='bbox 1348 3703 1432 3750; x_wconf 71' lang='lat' dir='ltr'>steriles</span> <span class='ocrx_word' id='word_1_335' title='bbox 1444 3705 1526 3750; x_wconf 80' lang='lat' dir='ltr'>Auri·</span> 
     </span>
     <span class='ocr_line' id='line_1_38' title="bbox 389 3778 1526 3842; baseline -0.003 -9"><span class='ocrx_word' id='word_1_336' title='bbox 389 3785 468 3833; x_wconf 84' lang='lat' dir='ltr'>euiue.</span> <span class='ocrx_word' id='word_1_337' title='bbox 500 3783 559 3830; x_wconf 85' lang='lat' dir='ltr'>Non</span> <span class='ocrx_word' id='word_1_338' title='bbox 575 3782 666 3829; x_wconf 86' lang='lat' dir='ltr'>dicitur</span> <span class='ocrx_word' id='word_1_339' title='bbox 681 3785 747 3842; x_wconf 84' lang='lat' dir='ltr'>pata</span> <span class='ocrx_word' id='word_1_340' title='bbox 766 3794 810 3842; x_wconf 92' lang='lat' dir='ltr'>pro</span> <span class='ocrx_word' id='word_1_341' title='bbox 827 3781 991 3835; x_wconf 77' lang='lat' dir='ltr'>mihicrede,</span> <span class='ocrx_word' id='word_1_342' title='bbox 1017 3778 1106 3826; x_wconf 85' lang='lat' dir='ltr'>dieitur</span> <span class='ocrx_word' id='word_1_343' title='bbox 1128 3793 1174 3841; x_wconf 92' lang='lat' dir='ltr'>pro</span> <span class='ocrx_word' id='word_1_344' title='bbox 1196 3781 1304 3841; x_wconf 73' lang='lat' dir='ltr'>exempli</span> <span class='ocrx_word' id='word_1_345' title='bbox 1319 3793 1423 3837; x_wconf 81' lang='lat' dir='ltr'>canera,</span> <span class='ocrx_word' id='word_1_346' title='bbox 1443 3781 1526 3830; x_wconf 82' lang='lat' dir='ltr'>iudice</span> 
     </span>
     <span class='ocr_line' id='line_1_39' title="bbox 389 3857 1526 3921; baseline 0.001 -12"><span class='ocrx_word' id='word_1_347' title='bbox 389 3860 543 3909; x_wconf 80' lang='lat' dir='ltr'>Heindoriio.</span> <span class='ocrx_word' id='word_1_348' title='bbox 577 3860 629 3908; x_wconf 87' lang='lat' dir='ltr'>Vel</span> <span class='ocrx_word' id='word_1_349' title='bbox 647 3859 682 3908; x_wconf 89' lang='lat' dir='ltr'>sie</span> <span class='ocrx_word' id='word_1_350' title='bbox 699 3866 783 3906; x_wconf 90' lang='lat' dir='ltr'>tamen</span> <span class='ocrx_word' id='word_1_351' title='bbox 801 3865 838 3906; x_wconf 88' lang='lat' dir='ltr'>est</span> <span class='ocrx_word' id='word_1_352' title='bbox 854 3858 947 3920; x_wconf 74' lang='lat' dir='ltr'>ellipsis</span> <span class='ocrx_word' id='word_1_353' title='bbox 964 3857 1103 3920; x_wconf 72' lang='lat' dir='ltr'>imperativi</span> <span class='ocrx_word' id='word_1_354' title='bbox 1119 3859 1172 3915; x_wconf 85' lang='lat' dir='ltr'>die,</span> <span class='ocrx_word' id='word_1_355' title='bbox 1190 3859 1295 3920; x_wconf 82' lang='lat' dir='ltr'>loquere.</span> <span class='ocrx_word' id='word_1_356' title='bbox 1328 3859 1444 3919; x_wconf 91' lang='lat' dir='ltr'>Durum,</span> <span class='ocrx_word' id='word_1_357' title='bbox 1466 3863 1526 3921; x_wconf 84' lang='lat' dir='ltr'>die,</span> 
     </span>
     <span class='ocr_line' id='line_1_40' title="bbox 389 3938 1526 4004; baseline 0 -16"><span class='ocrx_word' id='word_1_358' title='bbox 389 3943 486 4004; x_wconf 83' lang='lat' dir='ltr'>loquere</span> <span class='ocrx_word' id='word_1_359' title='bbox 501 3946 575 4003; x_wconf 79' lang='lat' dir='ltr'>pato.</span> <span class='ocrx_word' id='word_1_360' title='bbox 609 3938 744 3989; x_wconf 77' lang='lat' dir='ltr'>Pulchrior</span> <span class='ocrx_word' id='word_1_361' title='bbox 769 3938 889 3987; x_wconf 84' lang='lat' dir='ltr'>arbitror:</span> <span class='ocrx_word' id='word_1_362' title='bbox 913 3939 1040 3997; x_wconf 58' lang='lat' dir='ltr'>„Quinte</span> <span class='ocrx_word' id='word_1_363' title='bbox 1067 3939 1138 3995; x_wconf 81' lang='lat' dir='ltr'>Tite,</span> <span class='ocrx_word' id='word_1_364' title='bbox 1161 3943 1210 3985; x_wconf 85' lang='lat' dir='ltr'>ant</span> <span class='ocrx_word' id='word_1_365' title='bbox 1232 3939 1318 3987; x_wconf 80' lang='lat' dir='ltr'>Publi.</span> <span class='ocrx_word' id='word_1_366' title='bbox 1352 3938 1526 4003; x_wconf 77' lang='lat' dir='ltr'>Quodcunque</span> 
     </span>
     <span class='ocr_line' id='line_1_41' title="bbox 387 4014 1523 4083; baseline -0.002 -15"><span class='ocrx_word' id='word_1_367' title='bbox 387 4020 419 4068; x_wconf 89' lang='lat' dir='ltr'>sit</span> <span class='ocrx_word' id='word_1_368' title='bbox 435 4033 584 4083; x_wconf 86' lang='lat' dir='ltr'>praenomen</span> <span class='ocrx_word' id='word_1_369' title='bbox 602 4018 680 4076; x_wconf 87' lang='lat' dir='ltr'>senis,</span> <span class='ocrx_word' id='word_1_370' title='bbox 697 4032 793 4081; x_wconf 87' lang='lat' dir='ltr'>semper</span> <span class='ocrx_word' id='word_1_371' title='bbox 809 4032 867 4065; x_wconf 88' lang='lat' dir='ltr'>cum</span> <span class='ocrx_word' id='word_1_372' title='bbox 884 4016 1044 4080; x_wconf 85' lang='lat' dir='ltr'>praenomine</span> <span class='ocrx_word' id='word_1_373' title='bbox 1061 4014 1194 4078; x_wconf 78' lang='lat' dir='ltr'>alloquere.</span> <span class='ocrx_word' id='word_1_374' title='bbox 1229 4016 1290 4064; x_wconf 85' lang='lat' dir='ltr'>Tria</span> <span class='ocrx_word' id='word_1_375' title='bbox 1306 4020 1469 4078; x_wconf 88' lang='lat' dir='ltr'>praenomina</span> <span class='ocrx_word' id='word_1_376' title='bbox 1479 4033 1523 4067; x_wconf 89' lang='lat' dir='ltr'>ne·</span> 
     </span>
     <span class='ocr_line' id='line_1_42' title="bbox 386 4093 986 4160; baseline -0.007 -13"><span class='ocrx_word' id='word_1_377' title='bbox 386 4093 524 4148; x_wconf 80' lang='lat' dir='ltr'>cessitatem</span> <span class='ocrx_word' id='word_1_378' title='bbox 541 4099 598 4147; x_wconf 85' lang='lat' dir='ltr'>talis</span> <span class='ocrx_word' id='word_1_379' title='bbox 617 4097 768 4146; x_wconf 84' lang='lat' dir='ltr'>affabilitatis</span> <span class='ocrx_word' id='word_1_380' title='bbox 785 4097 867 4160; x_wconf 86' lang='lat' dir='ltr'>magis</span> <span class='ocrx_word' id='word_1_381' title='bbox 886 4102 986 4159; x_wconf 81' lang='lat' dir='ltr'>urgent.</span> 
     </span>
    </p>

    <p class='ocr_par' dir='ltr' id='par_1_13' title="bbox 384 4174 1523 4317">
     <span class='ocr_line' id='line_1_43' title="bbox 434 4174 1523 4242; baseline 0 -18"><span class='ocrx_word' id='word_1_382' title='bbox 434 4177 465 4225; x_wconf 93' lang='lat' dir='ltr'>P.</span> <span class='ocrx_word' id='word_1_383' title='bbox 485 4178 539 4226; x_wconf 77' lang='lat'>143.</span> <span class='ocrx_word' id='word_1_384' title='bbox 572 4177 693 4242; x_wconf 78' lang='lat' dir='ltr'>Infantes</span> <span class='ocrx_word' id='word_1_385' title='bbox 708 4183 817 4227; x_wconf 80' lang='lat' dir='ltr'>statuas.</span> <span class='ocrx_word' id='word_1_386' title='bbox 852 4175 944 4225; x_wconf 84' lang='lat' dir='ltr'>Mutae</span> <span class='ocrx_word' id='word_1_387' title='bbox 971 4174 1021 4223; x_wconf 88' lang='lat' dir='ltr'>diei</span> <span class='ocrx_word' id='word_1_388' title='bbox 1038 4180 1150 4237; x_wconf 87' lang='lat' dir='ltr'>poterant</span> <span class='ocrx_word' id='word_1_389' title='bbox 1173 4175 1245 4237; x_wconf 89' lang='lat' dir='ltr'>qnasi</span> <span class='ocrx_word' id='word_1_390' title='bbox 1264 4181 1335 4223; x_wconf 84' lang='lat' dir='ltr'>matu</span> <span class='ocrx_word' id='word_1_391' title='bbox 1354 4191 1434 4238; x_wconf 75' lang='lat' dir='ltr'>nmio,</span> <span class='ocrx_word' id='word_1_392' title='bbox 1458 4190 1523 4239; x_wconf 86' lang='lat' dir='ltr'>quae</span> 
     </span>
     <span class='ocr_line' id='line_1_44' title="bbox 384 4253 1360 4317; baseline -0.001 -15"><span class='ocrx_word' id='word_1_393' title='bbox 384 4263 435 4304; x_wconf 88' lang='lat' dir='ltr'>tam</span> <span class='ocrx_word' id='word_1_394' title='bbox 454 4256 582 4317; x_wconf 85' lang='lat' dir='ltr'>indignam</span> <span class='ocrx_word' id='word_1_395' title='bbox 600 4263 692 4304; x_wconf 89' lang='lat' dir='ltr'>sortem</span> <span class='ocrx_word' id='word_1_396' title='bbox 710 4271 759 4305; x_wconf 90' lang='lat' dir='ltr'>non</span> <span class='ocrx_word' id='word_1_397' title='bbox 777 4261 919 4312; x_wconf 89' lang='lat' dir='ltr'>merentur,</span> <span class='ocrx_word' id='word_1_398' title='bbox 936 4267 982 4302; x_wconf 86' lang='lat' dir='ltr'>neo</span> <span class='ocrx_word' id='word_1_399' title='bbox 999 4253 1082 4302; x_wconf 92' lang='lat' dir='ltr'>verbis</span> <span class='ocrx_word' id='word_1_400' title='bbox 1103 4261 1206 4316; x_wconf 90' lang='lat' dir='ltr'>possunt</span> <span class='ocrx_word' id='word_1_401' title='bbox 1222 4253 1360 4316; x_wconf 85' lang='lat' dir='ltr'>deplorare.</span> 
     </span>
    </p>

    <p class='ocr_par' dir='ltr' id='par_1_14' title="bbox 338 4332 1523 4564">
     <span class='ocr_line' id='line_1_45' title="bbox 433 4332 1523 4398; baseline -0.002 -15"><span class='ocrx_word' id='word_1_402' title='bbox 433 4335 463 4383; x_wconf 92' lang='lat' dir='ltr'>P.</span> <span class='ocrx_word' id='word_1_403' title='bbox 484 4335 537 4383; x_wconf 91' lang='grc'>146.</span> <span class='ocrx_word' id='word_1_404' title='bbox 573 4337 616 4384; x_wconf 82' lang='lat' dir='ltr'>Sic</span> <span class='ocrx_word' id='word_1_405' title='bbox 637 4338 682 4384; x_wconf 83' lang='lat' dir='ltr'>tibi</span> <span class='ocrx_word' id='word_1_406' title='bbox 701 4338 826 4398; x_wconf 83' lang='lat' dir='ltr'>Penelope</span> <span class='ocrx_word' id='word_1_407' title='bbox 836 4337 913 4397; x_wconf 75' lang='lat' dir='ltr'>fraqi</span> <span class='ocrx_word' id='word_1_408' title='bbox 934 4340 978 4383; x_wconf 80' lang='lat' dir='ltr'>est.</span> <span class='ocrx_word' id='word_1_409' title='bbox 1013 4333 1109 4382; x_wconf 88' lang='lat' dir='ltr'>Auotor</span> <span class='ocrx_word' id='word_1_410' title='bbox 1134 4333 1221 4396; x_wconf 82' lang='lat' dir='ltr'>Epigr.</span> <span class='ocrx_word' id='word_1_411' title='bbox 1247 4332 1275 4381; x_wconf 89' lang='lat' dir='ltr'>in</span> <span class='ocrx_word' id='word_1_412' title='bbox 1301 4332 1409 4381; x_wconf 85' lang='lat' dir='ltr'>Anthol.</span> <span class='ocrx_word' id='word_1_413' title='bbox 1434 4332 1523 4381; x_wconf 87' lang='lat' dir='ltr'>Burm.</span> 
     </span>
     <span class='ocr_line' id='line_1_46' title="bbox 385 4411 1523 4478; baseline 0.001 -19"><span class='ocrx_word' id='word_1_414' title='bbox 385 4411 415 4460; x_wconf 88' lang='lat' dir='ltr'>T.</span> <span class='ocrx_word' id='word_1_415' title='bbox 432 4413 468 4461; x_wconf 87' lang='grc' dir='ltr'>Π.</span> <span class='ocrx_word' id='word_1_416' title='bbox 486 4429 510 4476; x_wconf 90' lang='lat' dir='ltr'>p.</span> <span class='ocrx_word' id='word_1_417' title='bbox 527 4415 583 4463; x_wconf 79' lang='lat'>541.</span> <span class='ocrx_word' id='word_1_418' title='bbox 617 4413 742 4478; x_wconf 89' lang='lat' dir='ltr'>Penelope</span> <span class='ocrx_word' id='word_1_419' title='bbox 759 4441 790 4449; x_wconf 90' lang='lat'><em>-</em></span> <span class='ocrx_word' id='word_1_420' title='bbox 811 4415 884 4472; x_wconf 81' lang='lat' dir='ltr'>Quae</span> <span class='ocrx_word' id='word_1_421' title='bbox 899 4415 937 4462; x_wconf 82' lang='lat' dir='ltr'>sic</span> <span class='ocrx_word' id='word_1_422' title='bbox 958 4419 1030 4462; x_wconf 76' lang='lat' dir='ltr'>emta</span> <span class='ocrx_word' id='word_1_423' title='bbox 1047 4427 1144 4471; x_wconf 80' lang='lat' dir='ltr'>munes,</span> <span class='ocrx_word' id='word_1_424' title='bbox 1170 4418 1199 4460; x_wconf 84' lang='lat' dir='ltr'>ai</span> <span class='ocrx_word' id='word_1_425' title='bbox 1227 4414 1278 4460; x_wconf 84' lang='lat' dir='ltr'>inm</span> <span class='ocrx_word' id='word_1_426' title='bbox 1303 4413 1415 4460; x_wconf 74' lang='lat' dir='ltr'>connivit</span> <span class='ocrx_word' id='word_1_427' title='bbox 1440 4413 1523 4467; x_wconf 77' lang='lat' dir='ltr'>aises,</span> 
     </span>
     <span class='ocr_line' id='line_1_47' title="bbox 338 4492 947 4564; baseline 0 -24"><span class='ocrx_word' id='word_1_428' title='bbox 338 4555 343 4564; x_wconf 86' lang='lat'>.</span> <span class='ocrx_word' id='word_1_429' title='bbox 386 4492 470 4552; x_wconf 81' lang='lat' dir='ltr'>Atque</span> <span class='ocrx_word' id='word_1_430' title='bbox 480 4492 630 4555; x_wconf 83' lang='lat' dir='ltr'>fututorum</span> <span class='ocrx_word' id='word_1_431' title='bbox 647 4495 682 4542; x_wconf 84' lang='lat' dir='ltr'>sii</span> <span class='ocrx_word' id='word_1_432' title='bbox 700 4498 745 4540; x_wconf 86' lang='lat' dir='ltr'>tna</span> <span class='ocrx_word' id='word_1_433' title='bbox 762 4495 838 4556; x_wconf 87' lang='lat' dir='ltr'>pleno</span> <span class='ocrx_word' id='word_1_434' title='bbox 855 4495 947 4541; x_wconf 81' lang='lat' dir='ltr'>deneas.</span> 
     </span>
    </p>
   </div>
   <div class='ocr_carea' id='block_1_10' title="bbox 0 0 1776 5634">
    <p class='ocr_par' dir='ltr' id='par_1_15' title="bbox 0 0 1776 5634">
     <span class='ocr_line' id='line_1_48' title="bbox 0 0 1776 5634; baseline 0 8"><span class='ocrx_word' id='word_1_435' title='bbox 0 0 1776 5634; x_wconf 95' lang='lat' dir='ltr'> </span> 
     </span>
    </p>
   </div>
  </div>
 </body>
</html>
