3542 5634
661 555 843 656 utana
889 555 932 618 Η.

268 745 415 826 Ponere,
440 749 536 830 teque
559 744 668 830 ipsum
689 745 774 810 vitas
797 744 958 830 fugitivus
981 748 1126 826 eterno,

265 849 342 912 Iam
364 848 441 913 vino
463 870 639 934 quaerens,
663 849 730 914 iam
755 870 870 914 somno
894 847 1007 913 fallere
1029 868 1158 923 curam3

267 952 423 1017 Frustra:
447 974 525 1016 nam
548 974 654 1018 comes
678 957 749 1018 atra
770 950 891 1037 premit
913 949 1123 1036 sequiturque
1144 947 1302 1032 fugacem.

268 1054 1044 1140 ,‚Uude1nihilapidem?“,‚Quorsumestopus?“
1054 1051 1356 1136 ‚‚Uudesagittas?“

268 1157 365 1241 „Aut
386 1158 512 1223 insanit
533 1159 631 1224 homo
653 1163 711 1225 aut
733 1180 844 1224 versus
869 1157 983 1224 facit“
1030 1155 1153 1240 „Ocius
1176 1153 1253 1220 hinc
1276 1161 1309 1220 te

267 1260 315 1324 Ni
337 1260 442 1346 rapis,
467 1261 596 1326 accedes
621 1283 718 1347 opera
740 1282 817 1346 agro
840 1282 927 1326 nona
951 1259 1106 1326 Sabino.“

217 1415 359 1475 quiequam
376 1415 434 1462 tene
449 1414 571 1462 subducta
581 1415 678 1462 ratione
689 1414 724 1462 ud
735 1414 770 1461 ui·
813 1427 899 1461 servus
915 1411 1036 1475 fugitivus
1053 1411 1135 1460 locum
1151 1425 1184 1460 cx
1199 1410 1254 1459 loco
1270 1415 1358 1467 mutat,

220 1492 363 1554 torrescit,
383 1493 516 1552 Quint-ee,
528 1497 612 1552 aetus,
624 1507 771 1552 nemnem·
812 1493 848 1540 ita
864 1499 892 1540 tu
907 1493 934 1540 in
954 1493 1040 1540 eodem
1059 1491 1204 1551 concutere,
1228 1498 1254 1540 et
1277 1498 1357 1540 tecum

217 1587 269 1632 per
287 1572 386 1633 aliquid
405 1576 523 1634 apportet
545 1574 609 1620 noui.
643 1571 670 1620 Si
690 1570 772 1619 omnia
812 1586 865 1620 asse
881 1586 933 1620 nou
953 1578 1033 1640 potem
1058 1571 1141 1620 vitans
1165 1577 1191 1620 ta
1215 1571 1309 1634 ipsum,
1334 1577 1359 1619 et

219 1655 292 1697 recte
313 1648 394 1711 positu
410 1655 434 1696 et
458 1657 597 1714 computata
623 1657 694 1707 sunt,
719 1657 773 1698 tum
812 1665 932 1716 quaerens
957 1650 1017 1699 vino
1041 1657 1066 1699 et
1095 1665 1182 1699 somno
1206 1664 1292 1698 curam
1315 1648 1359 1696 ful·

220 1731 296 1777 ratio
324 1734 439 1788 coement,
472 1729 578 1778 rationes
607 1743 677 1793 pares
703 1734 773 1786 sunt,
812 1731 871 1779 lere.
914 1730 1041 1788 Ridicule,
1065 1732 1131 1794 quod
1158 1731 1183 1777 in
1212 1729 1296 1780 Carm.
1322 1729 1358 1777 II.

226 1821 320 1856 caussa
329 1806 483 1868 legitimarci
491 1807 690 1870 gestaeaffertur.
701 1807 772 1857 sons.
814 1823 870 1857 xv1.
891 1809 1014 1871 graviter:
1047 1810 1119 1868 Qum
1140 1814 1223 1858 terrae
1245 1810 1295 1857 olio
1319 1825 1358 1857 ca-

221 1887 296 1950 Lips.
314 1887 346 1934 ad
363 1885 442 1935 Tacit.
460 1887 554 1936 Annal.
572 1888 594 1937 Ι.
610 1888 634 1936 6.
814 1891 891 1938 lenta
925 1890 982 1938 Sole
1004 1894 1132 1938 mutamus
1161 1888 1274 1951 ραένίαἵ
1305 1890 1361 1951 quia

260 1967 345 2028 Teque
360 1968 444 2028 ipsum
460 1968 525 2015 vitae
535 1965 664 2028 sopitione
675 1971 700 2014 et
710 1980 773 2014 erro.
814 1969 886 2016 ensal
905 1969 937 2017 Se
953 1983 1047 2030 quoque
1060 1967 1156 2030 seuit?
1188 1968 1312 2017 Lucienus
1329 1968 1359 2016 de

220 2046 280 2094 Pro
297 2051 322 2093 et
342 2060 397 2094 erro
419 2044 445 2092 in
467 2043 523 2092 aliis
539 2043 614 2094 MSS.
630 2043 723 2106 legitur
745 2050 775 2092 ut
815 2047 898 2095 Morte
936 2045 1039 2107 Peregr.
1072 2047 1109 2095 10.
1151 2046 1234 2110 φυγὴν
1269 2045 1359 2094 ἑαυτοῦ

219 2139 308 2173 mas.
341 2124 414 2174 Unde
430 2123 555 2172 emendari
571 2128 665 2186 posset:
692 2125 775 2186 Teque
817 2123 986 2182 καταδικάσας
1001 2125 1148 2186 ἐπλανᾶτο,
1166 2124 1250 2183 ἄλλην
1266 2124 1359 2173 ἄλλοτε

199 2236 201 2239 -
221 2206 312 2266 ipsum
328 2205 424 2261 νὶέααα,
439 2205 570 2266 suyitivus
586 2208 616 2252 ut
632 2217 710 2252 errae.
738 2202 775 2252 Ut
818 2203 939 2268 ἀμείβων.

709 2361 871 2384 -κοθμ-

628 2524 842 2590 SATIRA
881 2525 975 2589 VIII.

325 2691 396 2774 „Ut
418 2690 589 2758 Nasidieni
611 2691 696 2757 iuvit
718 2695 750 2756 te
773 2713 873 2758 coena
895 2691 1004 2758 beati?

275 2795 360 2860 Nam
384 2796 466 2860 mihi
489 2796 659 2882 quaerenti
682 2796 853 2862 convivam
876 2797 984 2863 dictus
1007 2797 1082 2863 here
1104 2796 1174 2862 illic

277 2897 326 2962 De
348 2898 456 2964 medio
478 2903 591 2983 potare
614 2899 700 2963 die.“
747 2900 841 2982 „Sic⁷
865 2901 1009 2996 utmihi
1031 2922 1211 2987 numquam

387 3077 523 3126 SATIRA
539 3077 617 3126 VIII⁸
725 3039 727 3046 ⁴
817 3050 875 3112 „qui
892 3056 917 3098 tc
932 3050 994 3097 mihi
1010 3052 1141 3098 convivam
1153 3050 1309 3112 promisisti.“
1330 3051 1360 3098 Iu

816 3127 936 3176 Iuvenale
952 3130 1015 3177 mitt
1030 3137 1068 3178 est
1085 3129 1182 3177 dativus
1193 3129 1326 3187 commodi;
1337 3136 1362 3176 et

265 3171 321 3258 N
316 3222 357 3255 am
373 3207 435 3254 miti
451 3209 582 3269 quaerenti
598 3209 723 3257 concinam
740 3209 775 3256 di·
816 3206 920 3259 Lucian.
945 3207 1025 3258 Conv.
1049 3209 1089 3258 22.
1115 3210 1185 3272 παρὰ
1202 3210 1239 3272 τῷ
1260 3209 1363 3272 μαθητῇ

231 3292 289 3336 ctae
306 3287 363 3334 here
378 3287 433 3334 illic
466 3288 508 3335 De
527 3288 605 3336 medio
625 3293 714 3350 potare
730 3288 776 3335 die.
817 3284 944 3350 Παμμένει
961 3285 1095 3346 δειπνῆσαι
1110 3287 1247 3345 πολυτελὲς
1257 3287 1362 3336 δεῖπνον

231 3364 710 3428 Locusfortassepartimemcudandus‚
723 3379 777 3428 par·
818 3363 957 3428 δυνάμενος
964 3401 971 3427 ,
998 3366 1043 3414 οὐκ
1067 3363 1188 3414 ἐπένευσα
1213 3365 1361 3426 ἱκετεύοντι,

232 3445 277 3495 tim
294 3444 379 3503 aliter,
396 3460 473 3508 quam
487 3444 564 3508 vulgo
580 3445 622 3502 fit,
639 3445 777 3508 intelligen-
819 3445 859 3493 σοὶ
876 3443 890 3492 ὁ
907 3443 1016 3504 ἀνόητος
1033 3445 1143 3509 ἐμαυτὸν
1159 3445 1301 3509 φυλάττων.
1329 3445 1362 3494 In

233 3527 279 3574 dus
301 3531 344 3573 est.
377 3525 503 3588 Legamus
528 3539 551 3572 v.
568 3539 589 3573 c.
624 3527 692 3574 Nam
716 3526 779 3574 vividi
818 3523 922 3571 Horatio
938 3524 1098 3572 incommodi:
1119 3525 1186 3588 quod
1202 3525 1234 3572 ad
1250 3539 1290 3572 me
1306 3526 1361 3573 atti·

233 3606 364 3667 quaerenti
388 3607 515 3654 concinam
539 3606 622 3652 dictae
639 3606 695 3653 here
718 3607 779 3654 illuc
819 3603 908 3661 nebat,
923 3607 986 3652 mihi
1001 3605 1079 3653 dictus
1095 3617 1150 3652 eres
1165 3603 1227 3663 alio,
1237 3603 1362 3653 mihicon·

234 3687 276 3734 De
293 3685 371 3733 medio
380 3690 469 3746 potare
480 3686 527 3734 die.
560 3684 776 3748 Horatim,quae-
819 3684 877 3732 viva
893 3699 1011 3734 essenon
1027 3691 1132 3748 potares.
1164 3684 1328 3734 PlautPers.
1341 3685 1362 3734 1.

235 3777 291 3811 reus
307 3763 449 3820 convivam,
472 3765 585 3823 miserat,
606 3765 648 3829 qui
671 3765 778 3812 amicum
819 3777 837 3812 1.
853 3765 895 3814 20.
930 3763 999 3813 Mihi
1014 3766 1112 3828 quidem
1129 3767 1221 3814 auiam
1231 3779 1362 3814 ρταενιατ-

234 3843 357 3891 invitarst.
383 3841 445 3902 Sed,
461 3850 490 3892 ut
505 3859 593 3894 servus
610 3842 778 3902 renuntiabat,
821 3850 892 3902 taus,
907 3846 969 3907 qaia
984 3850 1009 3893 te
1023 3846 1193 3894 meditem.
1218 3844 1327 3894 Dixeras
1339 3852 1363 3894 te

234 3923 327 3971 amicus
349 3922 398 3970 iam
420 3925 521 3973 dicant
543 3927 577 3972 ad
597 3925 778 3980 Numicium,
819 3925 881 3974 illac
895 3930 996 3986 potare,
1016 3924 1051 3972 ire
1067 3931 1191 3986 potatum,
1212 3930 1362 3986 potaturum.

232 4005 778 4066 promiseratadivaaidtenam‚promuerat
815 4003 940 4059 Praesens
964 4011 1059 4066 tempus
1084 4004 1111 4050 in
1127 4001 1173 4050 huc
1188 4016 1215 4049 re
1236 4003 1362 4050 usitatum.

234 4083 275 4130 illi
292 4083 326 4130 ud
340 4097 452 4140 coenam,
474 4083 575 4131 dixerat
589 4088 690 4144 potare,
711 4085 778 4131 diee-
820 4082 905 4132 Plaut.
922 4084 1027 4132 Trucul.
1044 4083 1080 4131 11.
1098 4095 1135 4130 vv.
1156 4081 1180 4129 8.
1216 4083 1300 4130 Πίσαο
1322 4084 1362 4130 hc·

235 4166 278 4210 rat
294 4175 320 4210 ee
335 4167 483 4222 potaturum
504 4163 578 4215 illac,
600 4167 625 4210 ct
645 4163 710 4224 apud
732 4162 778 4210 Pe·
819 4165 860 4211 die
875 4177 974 4220 coenae,
990 4164 1072 4210 salvos
1087 4161 1270 4211 oumuduenis?
1295 4160 1361 4208 Mar·

236 4246 300 4288 trou.
317 4241 356 4290 30.
367 4243 444 4303 sorae
460 4245 560 4299 coeuct5
571 4255 621 4289 non
632 4241 777 4289 mutandum
818 4241 870 4290 tial.
888 4241 923 4290 Π.
940 4242 979 4293 79.
997 4256 1068 4290 coeno
1084 4241 1157 4288 dona.
1190 4239 1222 4287 In
1246 4238 1289 4287 l.l.
1315 4239 1362 4287 Pe·

236 4317 262 4380 in
279 4318 356 4380 socie.
391 4317 483 4368 Omnia
498 4318 546 4366 ista
561 4318 597 4366 sic
613 4318 703 4368 Latine
720 4319 776 4368 effe·
818 4322 892 4370 tronii
908 4321 1042 4370 triclinium
1053 4319 1158 4367 habebat
1168 4318 1290 4366 tabulam
1309 4321 1365 4368 ΙΙΙ

236 4404 338 4454 ruutur,
356 4403 383 4444 ut
399 4403 484 4445 notum
500 4405 544 4446 est.
572 4397 777 4448 Convivadictue
818 4407 843 4448 et
865 4403 934 4463 prid.
959 4401 1020 4448 Kal.
1043 4401 1103 4448 Ian.
1132 4400 1165 4446 G.
1186 4404 1271 4447 noster
1284 4399 1363 4460 forna

237 4491 306 4536 erae,
322 4483 350 4524 ut
367 4475 478 4526 Iuvenal.
496 4476 569 4525 Satir.
587 4477 634 4526 XI.
645 4478 685 4524 60.
713 4479 776 4527 Cum
818 4486 911 4528 coenat.
949 4479 1005 4528 Illis
1032 4478 1116 4527 diebus
1143 4492 1269 4540 nunquam
1297 4479 1362 4528 domi

237 4557 271 4604 eie
295 4559 396 4606 conviva
423 4559 485 4606 miti
507 4559 652 4620 prorniscue.
695 4558 775 4608 Schol.
817 4568 916 4616 coenat,
934 4561 976 4610 sed
992 4559 1067 4609 semel
1084 4558 1132 4607 alio
1150 4558 1221 4606 dixit.
