3542 5634
680 525 879 591 LIBER
927 529 969 593 Il.

294 715 416 779 Verum
441 713 493 778 hic
515 714 673 798 impransi
696 737 824 779 mecum
848 715 1029 800 disquirite.
1079 716 1146 781 Cur
1168 718 1252 782 hoc?

293 817 427 899 Dicam,
452 817 480 880 si
503 823 624 900 potero.
674 818 761 881 Male
787 839 900 883 verum
927 819 1095 884 examinat
1116 820 1223 884 omnis

293 921 473 1006 Corruptus
501 920 608 984 iudex.
658 920 816 1004 Leporem
834 927 977 987 sectatus
1000 943 1123 1008 equove

293 1025 415 1088 Lassus
436 1024 477 1088 ab
498 1023 676 1105 indomito,
704 1025 775 1106 vel,
800 1025 828 1090 si
852 1026 1003 1090 Romana
1026 1025 1148 1112 fatigat

292 1127 415 1192 Militia
437 1127 610 1191 adsuetmn
630 1127 793 1212 graecari,
817 1150 874 1193 seu
899 1128 968 1213 pila
988 1129 1101 1211 velox,

291 1231 437 1296 Molliter
457 1236 624 1296 austerum
649 1230 758 1295 studio
784 1231 921 1297 fallente
941 1232 1106 1314 laborem,

291 1334 355 1400 Seu
381 1340 413 1399 te
435 1333 544 1398 discus
564 1333 651 1418 agit,
672 1338 747 1417 pete
769 1334 940 1399 cedentem
960 1342 1034 1400 aira
1059 1336 1167 1400 disco:

289 1437 398 1516 Quum
421 1436 513 1501 labor
535 1436 699 1500 extuderit
719 1435 872 1520 fastidia,
894 1438 1016 1520 siccus,
1037 1439 1145 1503 inanis

291 1540 413 1625 Sperne
434 1540 544 1604 cibum
568 1539 684 1617 vilem3
707 1539 771 1604 nisi
794 1539 969 1625 Hymettia
989 1540 1089 1607 mella
1110 1539 1248 1607 Falerno

287 1643 338 1708 Ne
358 1643 478 1708 biberis
504 1641 618 1708 diluta.
667 1643 760 1708 Foris
784 1649 836 1709 est
856 1667 1008 1730 promus,
1030 1655 1063 1711 et
1084 1653 1193 1711 atrum

284 1746 475 1832 Defendens
496 1745 601 1830 pisces
626 1745 751 1811 hiemat
771 1769 875 1830 mare,
903 1770 978 1812 cum
1000 1749 1068 1812 sale
1091 1748 1187 1832 panis

287 1851 478 1914 latrantem
499 1849 704 1913 stomachum
726 1849 808 1913 bene
825 1850 935 1915 leniet.
984 1850 1081 1915 Unde
1102 1850 1199 1935 putas
1223 1857 1279 1913 aut

288 1952 352 2032 Qui
373 1953 524 2036 partum?
570 1951 645 2016 Non
667 1952 702 2015 in
724 1974 797 2017 caro
815 1952 929 2018 nidore
950 1953 1102 2038 voluptas

286 2056 440 2137 Summa,
465 2055 578 2119 sedin
600 2059 633 2119 te
655 2055 727 2139 ipso
753 2061 812 2120 est.
860 2056 908 2120 Tu
929 2056 1152 2141 pulmentaria
1171 2077 1288 2141 quaere

285 2157 457 2224 Sudando:
482 2157 640 2243 pinguem
659 2157 751 2222 vitiis
775 2159 952 2244 albumque
979 2179 1084 2244 neque
1107 2165 1215 2224 ostrea

284 2261 352 2326 Nec
374 2283 483 2326 scarus
507 2266 565 2326 aut
587 2259 709 2345 poterit
730 2260 903 2346 peregrina
926 2262 1037 2327 iuvare
1059 2261 1174 2348 lagois.

284 2365 351 2430 Vix
374 2371 485 2430 tamen
507 2365 660 2449 eripiam,
684 2365 793 2449 posito
816 2387 944 2451 pavone
966 2366 1049 2432 velis
1073 2367 1153 2451 quin

285 2467 356 2533 Hoc
378 2467 508 2554 potius,
533 2491 632 2554 quam
654 2469 797 2553 gallina,
824 2475 949 2554 tergere
971 2471 1142 2555 palatum,
1205 2458 1207 2463 ¹

284 2571 464 2658 Corruptus
487 2572 581 2638 vanis
605 2593 728 2654 rerum,
753 2571 831 2657 quia
853 2580 971 2638 veneat
994 2595 1075 2638 auro

274 2701 367 2746 Veram
384 2701 425 2748 bic
441 2701 567 2762 impransi
583 2715 678 2749 anacam
691 2702 785 2762 disqai·
825 2707 893 2748 ctare
908 2700 1030 2763 leporem,
1053 2702 1128 2749 doma
1145 2713 1239 2762 equum
1256 2699 1378 2752 feroran,

236 2780 294 2826 rite.
330 2777 441 2828 Scholia:
460 2778 569 2837 ,‚Ieiuni,
586 2778 686 2828 sobrii.“
711 2778 785 2828 Com·
824 2778 864 2826 vel
889 2786 945 2842 pete
970 2782 1029 2829 aira
1051 2779 1120 2828 diseo
1141 2779 1283 2835 cedentem,
1304 2787 1378 2838 atque

235 2857 625 2910 menaarscsa.11.1n.257.
643 2860 785 2919 Postquam
824 2857 870 2913 ita,
897 2871 941 2906 seu
967 2859 1082 2908 Romano
1105 2872 1149 2907 seu
1174 2856 1270 2906 Graeco
1294 2869 1377 2913 more,

234 2943 273 2985 est
289 2939 413 2998 impransi
433 2943 563 2999 correptas
583 2951 639 2985 voce
660 2938 784 2998 maqistri.
824 2936 934 2983 extunde
950 2935 1056 2984 fastidia.
1089 2936 1207 2984 Fortasse
1229 2934 1298 2983 locus
1317 2933 1374 2982 alie·

236 3017 348 3075 „Sobrii‚
370 3015 458 3073 ieiuni,
479 3015 568 3077 rigidi,
589 3014 680 3072 severi,
698 3021 723 3062 et
747 3022 784 3064 ost
824 3012 862 3061 nis
879 3013 1055 3062 additamentis
1067 3016 1269 3079 ostiaquinatus,
1286 3019 1374 3060 etian-

234 3095 371 3143 ἀντίθετον
388 3092 451 3140 ebrii
466 3106 510 3140 seu
523 3093 599 3154 poti.“
627 3092 658 3138 In
672 3094 783 3154 impraa·
824 3097 877 3137 tum
895 3091 995 3139 Horatii
1014 3103 1085 3140 sunt:
1108 3095 1230 3155 Leporem
1251 3096 1376 3146 sectatus,

233 3188 277 3220 aaa
301 3177 338 3220 est
360 3171 427 3218 notio
449 3173 537 3230 sobrii,
559 3171 618 3235 quia
638 3171 716 3234 vulgo
733 3187 783 3221 uon
823 3184 913 3232 equam
939 3171 1033 3218 Lassus
1058 3172 1089 3218 ab
1114 3172 1247 3227 indomito,
1274 3170 1325 3226 ael,
1354 3171 1376 3216 si

234 3251 362 3299 bibebatur
383 3256 440 3298 ante
460 3250 592 3313 prandium
610 3249 650 3298 vel
667 3264 782 3312 coenam,
824 3250 943 3297 Romana
970 3248 1073 3313 fatiqat
1110 3249 1213 3296 Militia
1245 3255 1374 3297 maasiam

233 3345 284 3380 non
301 3330 444 3379 sumebatur
459 3331 591 3395 πρόπομα.
626 3329 693 3378 Hinc
707 3329 782 3379 Satir.
826 3326 962 3385 Graecari,
980 3341 1025 3376 aaa
1038 3329 1097 3389 pita
1112 3329 1194 3383 vetor,
1214 3328 1265 3376 Sea
1282 3332 1307 3380 te
1323 3328 1373 3375 dis·

233 3409 269 3460 11.
287 3426 325 3459 ιν.
341 3412 381 3459 25.
399 3413 517 3473 qnoriiam
533 3413 619 3458 vacuis
630 3412 783 3460 committere
822 3420 867 3455 aas
878 3408 943 3468 aqtt,
961 3407 1162 3469 stadiosallaate
1172 3403 1293 3462 laborem,
1307 3406 1371 3455 Cam

233 3494 303 3540 venis
329 3493 377 3538 Nil
393 3491 444 3537 nisi
460 3492 513 3539 leae
529 3492 604 3538 decet.
821 3485 892 3532 tabor
912 3487 1041 3534 extuderit
1055 3485 1182 3548 fastidia,
1203 3486 1295 3542 siccas,
1317 3488 1372 3534 iaa-

269 3572 361 3619 Larem
372 3573 403 3619 ab
415 3571 543 3619 indomito.
560 3567 718 3617 Constructio
727 3582 780 3616 ver·
820 3563 875 3621 ais,
892 3564 990 3626 Sparta
1004 3566 1086 3614 cibam
1103 3566 1184 3614 vitem
1212 3565 1306 3614 Lassus
1323 3564 1372 3614 Ro

233 3650 321 3698 borum
343 3650 415 3698 valde
437 3648 545 3697 difficilis
566 3653 591 3695 et
608 3647 684 3703 dura,
700 3659 780 3709 neque
820 3657 896 3692 mana
911 3643 1012 3703 militia,
1035 3643 1076 3692 vel
1097 3645 1179 3693 studio
1199 3644 1310 3694 laborem
1326 3643 1371 3694 fal·

231 3737 333 3792 apparet
350 3731 416 3778 unde
432 3736 543 3778 sectatus
560 3735 585 3775 ot
596 3729 680 3775 lassus
691 3727 780 3788 pende·
820 3721 898 3782 lente,
914 3723 1026 3772 molliore
1042 3723 1086 3772 ilio
1103 3730 1127 3773 et
1138 3723 1247 3784 Graeco,
1264 3739 1308 3774 seu
1319 3739 1370 3772 ma·

231 3816 290 3876 ant..
317 3808 430 3870 eogitari
454 3813 550 3871 poterat
574 3807 605 3853 de
627 3806 780 3854 nominativo
820 3801 851 3850 lis
868 3802 935 3852 diseo
955 3818 1000 3852 seu
1024 3804 1089 3867 pila,
1116 3804 1151 3851 ita
1174 3819 1264 3868 sperne
1288 3804 1371 3854 cibum

229 3888 337 3950 quodam
358 3887 477 3936 absoluto.
512 3885 561 3935 Sed
577 3885 634 3932 huic
651 3884 695 3932 vix
711 3884 779 3934 locus
820 3882 903 3932 vilem.

229 3973 279 4023 est,
297 3967 356 4029 quia
371 3981 430 4015 mox
447 3966 539 4028 legitur
548 3970 613 4026 pete.
640 3963 779 4012 Lambinus
856 3964 926 4022 Quia
942 3969 1030 4012 meat
1055 3979 1118 4012 aare
1152 3966 1229 4012 Rara
1253 3966 1320 4022 aaa,
1345 3970 1372 4013 et

229 4054 285 4109 post
307 4049 414 4096 molliter
438 4044 591 4108 intelligebat
617 4044 689 4092 Lade
712 4045 779 4105 pita,
818 4042 891 4103 picta
905 4042 1006 4102 pandat
1026 4045 1172 4105 spectacula
1192 4044 1281 4093 cauda
1314 4043 1368 4091 Ho-

228 4127 295 4189 quod
319 4126 465 4188 respondeat
489 4124 537 4172 illis
559 4130 617 4185 pete
641 4125 778 4172 cedentem:
819 4120 909 4176 ratius,
925 4127 998 4182 puto,
1014 4120 1126 4183 scripsit:
1148 4127 1173 4169 et
1191 4122 1290 4182 pictam
1304 4137 1369 4182 paa-

228 4210 300 4267 putat
317 4203 414 4252 facilius
431 4211 515 4252 tamen
533 4217 598 4258 esse,
620 4201 641 4250 si
658 4201 777 4250 Horatius
819 4201 866 4248 dat
881 4201 1026 4260 spectacula
1046 4201 1161 4247 samm.
1184 4187 1289 4261 'Optimi
1311 4199 1369 4247 scri·

229 4297 274 4346 pro
291 4283 409 4332 Molliter
426 4282 562 4345 scripsisset
579 4282 638 4329 lade
646 4281 710 4341 pita.
728 4279 779 4328 Vir
819 4283 901 4340 ptores
921 4277 949 4325 in
969 4278 1016 4326 hoo
1034 4277 1110 4326 verbo
1131 4284 1217 4326 amant
1239 4277 1369 4339 appositio-

228 4365 315 4410 doctus
338 4362 437 4424 legebat
454 4363 559 4410 Mottito
575 4363 717 4416 nartaam,
739 4358 780 4407 rel
819 4371 884 4406 nem.
917 4356 1006 4404 Horat.
1029 4356 1102 4407 Satir.
1123 4356 1145 4404 1.
1163 4370 1212 4404 vu.
1229 4355 1269 4404 20.
1286 4358 1313 4404 ia
1329 4359 1370 4406 ias

229 4445 335 4500 mollire,
357 4442 423 4505 quod
444 4440 567 4490 Lambino
588 4437 669 4499 magis
691 4435 778 4499 placet.
820 4452 891 4486 acres
909 4441 1080 4497 procurrant:
1103 4451 1222 4497 marnam
1241 4441 1369 4497 spectacu-

228 4521 401 4570 Conieceram:
426 4521 506 4568 Lassa
529 4523 553 4567 te
574 4517 701 4566 indomito.
736 4515 778 4564 Se·
821 4519 873 4566 tam
891 4522 1001 4578 aterque.
1027 4515 1115 4563 Livius
1133 4515 1236 4563 xxvi.
1256 4517 1293 4564 13,
1320 4517 1369 4565 Na

1188 4599 1235 4657 7*
