3542 5634
622 557 806 622 LIBER
851 558 896 622 II.
1262 559 1325 622 133

246 741 375 825 „Maior
397 743 567 808 dimidio.“
614 745 726 828 „Num
750 747 921 810 tantum?“
967 744 1076 825 Quum
1099 744 1205 830 magis
1228 749 1326 830 atque

245 846 286 912 Se
309 847 415 933 magis
438 847 582 913 inflaret:
608 849 722 932 „N0n,
747 850 775 914 si
797 854 831 915 te
853 848 1020 934 ruperis,“
1044 848 1171 934 inquit,

246 952 334 1033 „Par
357 950 453 1016 eris.“
499 951 590 1016 Haec
612 975 632 1016 a
655 957 688 1018 te
712 974 779 1017 non
803 953 947 1017 multum
970 951 1099 1017 abludit
1120 951 1238 1036 imago.

244 1055 339 1120 Adde
361 1061 512 1140 poemata
534 1078 639 1138 nunc,
663 1057 723 1122 hoc
747 1063 813 1140 est,
838 1057 946 1122 oleum
968 1056 1051 1121 adde
1074 1055 1201 1121 camino
1208 1081 1218 1132 3

246 1158 335 1238 Quae
359 1158 483 1245 siquis
507 1181 605 1224 sanus
628 1160 723 1242 feoit,
748 1183 846 1226 sanus
869 1160 950 1225 facis
975 1167 1009 1225 et
1030 1164 1076 1224 tu.

245 1263 320 1327 Non
342 1263 415 1328 dico
437 1262 630 1328 horrendam
652 1263 798 1329 rabiem“
814 1303 859 1312 -
875 1264 970 1346 „lam
986 1262 1098 1328 desine
1108 1262 1140 1326 l“
1166 1259 1326 1342 „Cultum

245 1366 403 1432 Maiorem
426 1369 568 1444 censu;“
594 1367 755 1450 „Teneas,
781 1366 998 1453 Damasippo,
1024 1366 1090 1431 tuis
1114 1367 1180 1430 te“

245 1470 362 1554 „Mille
383 1470 582 1555 puellarum,
605 1491 778 1555 puerorum
801 1469 893 1536 mille
916 1470 1074 1535 finores.“

246 1572 298 1656 „0
322 1572 442 1656 maior,
466 1572 599 1638 tandem
622 1594 751 1657 parcas,
774 1573 907 1656 insane,
930 1571 1083 1638 minori.“

202 1725 248 1772 uit:
266 1723 356 1785 „Quos
374 1724 395 1772 si
412 1724 531 1773 eiusmodi
548 1729 596 1782 cst,
617 1729 645 1771 ut
665 1723 745 1772 Hora-
787 1725 873 1773 vivum
890 1725 1029 1774 resecanda.
1057 1723 1157 1772 Inserui
1168 1728 1193 1770 et
1203 1727 1262 1769 ante
1272 1736 1328 1770 cum

201 1803 233 1851 tio
248 1817 300 1851 non
315 1809 368 1851 tam
385 1803 451 1861 dari,
468 1817 542 1866 quam
558 1802 627 1851 reddi
638 1802 744 1850 ctresti-
786 1807 880 1866 1111ρί1,
896 1804 962 1866 quod
978 1803 1010 1851 ad
1025 1803 1217 1851 connectendam
1233 1807 1328 1849 senten·

201 1882 236 1930 tui
252 1883 378 1940 videatur,
394 1882 505 1945 equidem
521 1882 572 1930 cius
589 1895 675 1929 caussa
686 1897 745 1944 gau-
786 1882 847 1930 tiam
862 1882 1004 1945 requiritur.

201 1962 272 2011 dabo:
290 1963 329 2010 sin
346 1963 380 2010 ita
396 1968 445 2021 est,
467 1968 494 2009 ut
511 1961 540 2010 τὸ
556 1962 659 2009 dissidio
675 1960 746 2010 nullo
817 1960 963 2012 Waddclius
985 1963 1072 2010 Maior
1092 1961 1194 2009 dirrridic
1210 1959 1329 2020 interpre-

201 2048 271 2105 pacto
288 2042 320 2090 ab
343 2047 441 2089 auctore
462 2040 537 2104 possit
557 2039 703 2099 autumari,
721 2039 746 2086 id
785 2039 897 2088 tabatur:
918 2055 992 2097 rana,
1015 2055 1041 2089 se
1057 2039 1177 2097 inflando,
1199 2037 1279 2086 maior
1295 2036 1331 2083 di-

201 2129 282 2170 tsmcn
298 2127 412 2170 nostrum
428 2121 539 2169 omnium
556 2118 746 2175 interest,utin
785 2119 861 2167 midio
877 2119 954 2177 facts,
971 2127 1049 2183 rogat.
1083 2119 1132 2169 Sed
1148 2118 1243 2180 agitur,
1259 2123 1332 2179 puto,

202 2209 314 2251 veterum
332 2201 428 2264 scriptis
445 2215 494 2248 non
511 2197 594 2248 omnia
604 2210 681 2260 seque
693 2196 746 2246 sine
785 2201 815 2248 da
832 2199 1003 2263 magnitudine
1019 2212 1094 2246 ranae
1110 2211 1167 2244 cum
1177 2195 1256 2244 vitulo
1266 2209 1330 2243 oom-

202 2297 260 2330 cura
287 2281 436 2330 discriminis
462 2278 565 2343 probare
593 2278 746 2326 videamur.“
785 2287 886 2342 parata,
908 2293 960 2328 non
975 2279 1006 2326 dc
1022 2278 1095 2326 solita
1110 2277 1187 2340 ipsius
1203 2275 1329 2338 magnitu-

202 2363 325 2424 llquidem
342 2359 376 2408 sic
392 2373 487 2422 semper
503 2357 590 2416 statui,
611 2362 636 2404 et
652 2355 745 2404 statuo:
785 2358 842 2407 dina
859 2373 916 2407 cum
932 2356 1025 2405 inflata.
1058 2358 1180 2405 Burman.
1202 2356 1235 2404 ad
1251 2354 1330 2403 Phac-

202 2442 322 2491 Horatius
338 2455 465 2503 nunquam
482 2438 591 2502 scripsit,
611 2437 677 2501 quod
698 2437 745 2484 La
786 2439 824 2487 dri
841 2440 864 2488 1.
882 2452 961 2487 xxrv.
978 2437 1104 2500 eleganter
1115 2436 1224 2485 coniicit:
1246 2437 1331 2493 Quan-

203 2524 292 2572 tinitati
315 2528 340 2571 et
361 2535 437 2569 sanae
453 2520 530 2568 menti
547 2519 652 2566 adversa
667 2515 746 2564 fronte
787 2521 861 2567 tane?
886 2519 956 2565 Nam
979 2518 1092 2574 taudem,
1117 2530 1142 2565 se
1165 2515 1272 2578 inflans,
1296 2515 1333 2562 sic

202 2609 332 2666 repugnat.
367 2600 394 2650 Si
410 2599 468 2664 quid
484 2603 618 2662 repugnet,
634 2597 681 2644 hoc
697 2610 747 2643 non
786 2598 993 2662 mapnasut'stet?
1015 2598 1111 2645 Maior.
1133 2596 1258 2644 Mmidio?
1283 2597 1334 2643 Ter

202 2683 252 2743 illi,
268 2684 313 2732 scd
335 2680 411 2730 errori
431 2678 589 2727 librariorum
610 2674 685 2723 tribui
706 2676 746 2722 dc·
787 2682 867 2726 tanto.

203 2764 249 2815 bet.
284 2764 313 2815 Si
330 2761 483 2827 quaerimus,
504 2758 563 2822 quid
585 2743 706 2804 Latinitas
724 2761 748 2802 ct
823 2756 932 2814 Teneat,
957 2757 1128 2818 Damasippo,
1157 2757 1209 2803 tuis
1235 2759 1265 2803 te.
1298 2753 1334 2801 Et

203 2859 262 2894 sana
278 2859 349 2893 mens
366 2842 406 2890 hic
422 2839 560 2904 postulent,
576 2835 681 2882 hoccst:
701 2835 749 2882 illa
788 2835 883 2885 abstine
899 2842 924 2883 te
940 2835 1035 2885 alienis.
1069 2836 1125 2885 Tua
1141 2848 1223 2892 cures,
1248 2840 1277 2881 ut
1298 2839 1336 2881 est

103 2907 104 2924 ³
202 2941 303 2987 ropare,
325 2921 475 2981 Quantam?
495 2923 521 2964 et
541 2931 587 2973 an,
610 2913 680 2974 (dum
699 2927 749 2961 sese
788 2917 854 2979 apud
876 2915 1033 2974 Terentium,
1054 2930 1104 2963 non
1126 2915 1214 2964 aliena.
1248 2913 1334 2964 Plant.

204 3005 290 3066 inflat)
308 3004 344 3052 sic
361 2995 575 3061 maonasut'stet?
609 2992 694 3041 Maior
711 2993 748 3038 di·
789 2995 880 3043 Pseud.
897 2995 946 3043 IV.
963 3009 1011 3043 vn.
1028 2994 1053 3043 8,
1090 2996 1141 3043 Nec
1162 2996 1220 3042 boni
1240 2995 1336 3056 inpertit

203 3087 287 3132 11111110.
321 3081 391 3128 Num
413 3074 529 3124 tantum?
549 3077 574 3120 et
594 3085 650 3118 cunt
671 3070 750 3130 rrtoqis
789 3077 926 3138 quitquam
942 3076 969 3122 in
986 3076 1026 3122 bis
1042 3076 1120 3131 inest,
1142 3075 1193 3122 not
1208 3079 1240 3120 ut
1256 3073 1291 3120 im
1303 3100 1334 3108 —

203 3170 281 3226 atque
295 3175 322 3208 se
338 3159 417 3219 11111111
438 3153 550 3216 inflaret·
583 3150 657 3200 Rana
679 3161 749 3210 roga·
792 3156 885 3203 Probis
901 3169 928 3202 se
944 3156 1042 3202 artibus
1057 3160 1165 3203 teneaat.
1183 3153 1334 3201 Petroniis.

203 3243 258 3291 bat:
283 3245 407 3303 quantana
428 3232 514 3282 fuisset
533 3230 581 3278 5⁸²³
597 3226 691 3287 bellua,
713 3233 751 3286 θῐι
791 3237 920 3297 Roqamm
944 3240 1093 3293 nocturnus,
1119 3239 1149 3281 at
1172 3236 1227 3283 cuis
1251 3249 1276 3282 se
1301 3239 1334 3282 te·

204 3324 264 3370 dum
282 3334 308 3368 sc
324 3317 418 3366 interea
433 3312 513 3370 inflat,
530 3315 642 3359 antanta
652 3307 751 3364 fuisset,
790 3320 879 3370 neam,
907 3315 967 3362 dum
994 3315 1103 3362 redimas
1126 3329 1143 3362 a
1170 3327 1251 3362 coena.
1284 3312 1335 3362 Ubi

205 3407 298 3465 quanta
314 3410 381 3446 nunc
396 3393 482 3443 inflata
498 3393 635 3455 ipsacsset.
662 3386 751 3436 Pullus
792 3393 943 3444 schefferus:
965 3400 1025 3456 puta
1034 3393 1150 3455 finitus:
1171 3407 1222 3440 non
1236 3393 1336 3454 finitur
1365 3438 1367 3443 ,

205 3478 348 3543 respondet:
371 3474 453 3525 Maior
470 3470 571 3521 dimidio
593 3468 647 3515 fuit.
679 3466 752 3514 Rana
792 3472 1178 3529 sedgedttu5,2it13urmannus,
1203 3470 1335 3521 Nonmul.

206 3574 231 3608 sc
247 3571 336 3606 rursus
352 3554 452 3604 inflans:
469 3565 531 3598 num
547 3554 644 3596 tantum
661 3561 753 3608 magna
792 3559 858 3609 turn,
886 3552 975 3610 credo,
991 3550 1081 3601 differt.
1119 3552 1335 3615 simplicissimum

206 3635 269 3687 fuit?
302 3639 388 3700 Atque
404 3635 439 3682 ita
455 3643 551 3692 semper
567 3642 593 3676 se
604 3624 689 3674 inflare
700 3639 753 3688 per·
792 3637 857 3679 erat:
873 3632 927 3678 suis
944 3646 972 3680 se
987 3634 1060 3680 rebus
1083 3637 1191 3681 teneant.
1225 3632 1335 3692 Interea,

208 3719 275 3781 genti
292 3715 389 3781 pullus,
413 3727 463 3760 non
488 3711 509 3758 si
533 3713 558 3756 te
575 3705 683 3769 ruperis,
708 3719 753 3768 pas
792 3712 851 3759 dum
868 3711 989 3766 redimus,
1006 3725 1038 3758 ne
1054 3718 1138 3760 nostra
1154 3712 1335 3771 curarent,sed

208 3798 262 3846 eris.
297 3795 371 3857 Quod
395 3790 499 3847 conieci,
523 3785 637 3850 proxime
661 3785 753 3832 accedit
792 3791 953 3853 quiescerent.
985 3789 1096 3840 Martial.
1117 3791 1205 3853 Epigr.
1227 3790 1335 3842 111.16.

208 3879 239 3925 ad
255 3877 402 3940 scripturam
419 3869 496 3922 MSS.
514 3867 597 3930 Cruq:
614 3863 752 3928 1111111111-
792 3869 977 3928 Latinitatis
994 3876 1045 3917 est:
1061 3871 1105 3918 sed
1120 3875 1157 3929 te,
1174 3871 1237 3918 mibi
1253 3872 1336 3929 mede,

208 3959 255 4007 lius
276 3963 314 4005 est
335 3967 409 4018 quam
433 3950 536 4015 sufflat,
561 3946 620 4009 quia
643 3943 752 4007 sequitur
792 3954 911 3997 menterno
944 3949 1021 3998 Nunc
1046 3950 1074 3996 in
1096 3950 1229 4012 mulcato,
1252 3951 1336 4008 mdo,

209 4039 320 4102 inflaret.
354 4033 477 4096 Opusest
493 4026 569 4076 verbo
586 4025 671 4074 eodem
688 4023 752 4072 iurc
791 4032 873 4076 tenera
890 4032 943 4074 tau.
975 4026 1008 4074 In
1024 4027 1128 4075 Horatio
1145 4034 1226 4076 autem
1243 4034 1289 4076 tua
1300 4028 1336 4076 in·

210 4119 303 4167 eadcm.
327 4116 362 4164 Et
372 4114 407 4162 sic
419 4111 548 4160 Phaedrus
560 4107 581 4155 I.
594 4119 671 4154 xxm.
698 4107 752 4154 Ru·
791 4105 939 4168 telligrmtur
955 4105 1025 4155 vitta.
1059 4105 1210 4168 Porphyrio:
1227 4112 1269 4166 „te
1286 4109 1338 4155 tuis

210 4213 290 4258 qurum
307 4194 409 4258 inflat-it
423 4193 526 4254 pellem:
549 4194 590 4248 ct,
612 4189 683 4235 Dum
704 4201 753 4234 sesa
792 4188 862 4234 1111111
884 4186 983 4233 redde.“
1021 4183 1113 4233 Melius
1139 4184 1336 4234 commentator:

210 4280 265 4326 cult
286 4275 379 4338 inflare
399 4271 515 4320 1111111111.
548 4267 653 4316 Locutio
674 4267 754 4314 mator
793 4265 854 4324 „tibi
870 4265 959 4313 habeto
975 4272 1021 4312 tua
1041 4265 1115 4321 vitia,
1137 4266 1196 4329 quia
1217 4280 1337 4329 cognosco

211 4358 313 4406 dimidio
334 4351 481 4416 explicanda
500 4363 532 4396 ex
553 4359 621 4393 more
641 4343 754 4406 vulgari,
792 4344 912 4392 insaniam
934 4346 1028 4393 tusm.“
1063 4343 1138 4393 Talia
1157 4352 1215 4393 sunt
1243 4346 1339 4396 Graeca

212 4436 262 4486 fere
286 4431 447 4499 proverbiali,
474 4443 524 4492 qua
551 4425 696 4487 magnitudo
719 4423 754 4471 rei
793 4425 850 4473 ista:
868 4425 900 4473 τὰ
917 4422 1006 4475 ἑαυτοῦ
1021 4421 1083 4487 ἔργα
1093 4424 1211 4488 κομίζειν,
1222 4426 1336 4491 ἐργάζεσ-

213 4523 366 4582 comparatae
382 4509 524 4574 simpliciter
535 4512 652 4568 augetur,
662 4519 712 4553 non
723 4504 755 4551 ad
793 4503 887 4552 11111111
904 4499 983 4550 αὑτοῦ
999 4499 1111 4550 ἕκαστον.

699 4613 859 4636 „auu—.-
