3542 5634
652 501 833 564 urana
877 501 921 564 n.
1286 502 1346 561 ιιι
1429 584 1435 594 „

259 688 489 774 Adspicere?“
515 687 567 770 „0
591 687 675 751 nulli
698 687 877 772 quidquam
899 686 1053 768 mentite,
1078 687 1168 752 vides
1191 695 1229 752 ut

259 792 385 857 Nudus
409 792 567 876 inopsque
589 791 722 855 domum
745 791 894 872 redeam,
919 795 952 855 te
973 795 1062 868 vate3
1086 812 1191 876 neque
1215 791 1283 856 illic

260 896 340 959 Aut
363 895 519 980 apotheca
540 894 645 979 procis
670 894 794 959 intacta
817 899 867 959 est
890 900 948 958 aut
970 915 1086 978 pecus:
1111 894 1202 979 atqui

262 998 313 1062 Et
338 1020 442 1083 genus
467 1003 501 1064 et
519 998 639 1080 virtus,
663 997 729 1062 nisi
752 1019 827 1062 cum
849 1019 902 1079 re,
918 997 1014 1061 vilior
1036 997 1112 1082 alga
1135 1000 1219 1062 est.“

264 1100 436 1184 „Quando
458 1101 665 1186 pauperiem,
689 1100 799 1166 missis
827 1099 1043 1184 ambagibus,
1068 1101 1198 1184 horres,

215 1242 287 1291 Mihi
306 1257 360 1290 ιιοιι
382 1244 442 1291 adeo
459 1243 545 1307 placet.
580 1241 770 1299 causacum,
813 1243 849 1291 sis
864 1245 1017 1305 cmbuqt'bua,
1035 1245 1229 1307 earumdemque.
1262 1242 1354 1294 Omnia

215 1337 262 1370 cur
290 1322 403 1371 Tiresias
428 1322 546 1386 Ulyssem
567 1322 601 1370 sic
624 1321 772 1385 alloquatur,
813 1322 913 1371 Latina.
935 1323 1028 1386 virgil
1045 1324 1094 1373 IX.
1119 1325 1186 1374 Aen
1208 1325 1248 1373 89.
1265 1327 1354 1374 tellici-

158 1401 185 1470 'Q
216 1417 271 1450 non
298 1407 405 1464 apparet
426 1401 499 1449 valde
522 1401 617 1450 idonea.
651 1401 771 1450 Horatius
814 1407 867 1450 tam
884 1405 959 1452 mmor
976 1406 1159 1468 aaaiuaaaqit
1175 1404 1264 1453 Horat.
1276 1403 1354 1454 Satir-

216 1481 352 1544 scripsisse
369 1481 477 1528 videtur:
498 1481 593 1542 Tqmne
609 1483 690 1530 doloso
713 1483 772 1529 Noa
813 1480 964 1531 H.111.39.
982 1485 1066 1544 pudor
1086 1485 1209 1531 temalue
1225 1485 1310 1546 aaqit:
1330 1489 1355 1530 et

216 1563 285 1610 satis
303 1565 345 1608 eat
362 1558 479 1608 Ithacum
496 1561 586 1608 revehi
620 1560 772 1624 Ulyssesro-
814 1559 923 1608 absolute
949 1561 1074 1611 Satirll.
1096 1576 1123 1610 11.
1148 1563 1188 1610 64.
1213 1564 1260 1610 bac
1283 1569 1356 1624 urqet

218 1647 344 1704 garant,
369 1646 397 1687 ut
428 1639 536 1688 Tiresiae
554 1641 662 1699 doceret,
685 1641 772 1704 quibus
815 1640 904 1701 lupus,
929 1642 977 1690 bac
992 1642 1063 1690 cunis
1079 1643 1159 1704 anqit.
1193 1644 1278 1692 Herm
1298 1641 1355 1689 ridi·

219 1719 320 1766 artibus
334 1719 425 1766 amissa
435 1731 551 1781 reparare
561 1726 651 1782 posset.
664 1720 773 1770 Tiresias
815 1717 883 1775 cula,
900 1719 943 1781 qui
964 1729 1032 1766 metu
1048 1721 1198 1783 paupertatis
1215 1728 1355 1783 augeretur.

219 1799 332 1847 ridebat.
357 1797 441 1845 Iratus
462 1797 580 1862 Ulysses:
603 1801 664 1862 quid
688 1800 774 1849 rides?
815 1797 934 1846 Horatius
952 1798 1074 1847 Tiresiam
1090 1806 1115 1848 et
1131 1799 1247 1863 Ulyssem
1264 1815 1356 1863 magua

221 1877 340 1927 Tiresias
356 1891 413 1924 eum
429 1877 567 1940 paullulum
584 1878 774 1934 tacuisset,res·
816 1875 948 1923 verborum
973 1879 1088 1927 comitate
1112 1892 1139 1927 se
1167 1879 1273 1928 invicem
1298 1881 1357 1929 facit

220 1957 333 2020 pendet:
351 1957 436 2020 Rogas
452 1972 497 2005 cur
513 1958 626 2006 riserim?
651 1957 774 2006 Putabam
815 1953 974 2018 alloquentes.
991 1957 1095 2020 Ulysses
1106 1959 1240 2020 inceperat:
1261 1959 1358 2008 Oaulii

221 2037 325 2086 homini
349 2044 400 2086 tam
417 2037 500 2085 doloso
516 2037 574 2086 satis
595 2051 648 2086 ease
661 2037 774 2085 Ithacam
815 2036 951 2096 quidquam
973 2039 1090 2086 maeatae!
1115 2037 1235 2086 Tiresias:
1258 2040 1357 2087 Herae!

221 2117 323 2175 revehi,
335 2130 441 2179 eumque
457 2117 523 2164 viam
540 2115 609 2165 facile
625 2117 705 2179 ipsum
722 2115 774 2164 eine
816 2111 933 2176 Ulysses:
956 2117 1060 2176 Auqur!
1094 2115 1254 2164 Tiresiasza
1281 2118 1358 2164 Laer-

123 2219 127 2230 .
222 2197 353 2244 monitore
378 2210 430 2244 esse
455 2195 620 2243 inventurum.
654 2197 692 2244 lla
716 2195 775 2254 tibi,
817 2194 898 2241 tiude!
915 2192 1054 2251 Herbstius,
1065 2200 1093 2241 ut
1104 2195 1291 2256 perspiceretur,
1299 2196 1357 2258 quid

223 2283 279 2324 tam
298 2276 395 2334 doloso,
418 2274 506 2323 melius
523 2275 622 2337 cognita
642 2283 679 2322 est
701 2288 775 2338 quam
815 2271 842 2318 in
858 2272 1037 2320 constructione
1053 2274 1184 2321 verbenam
1206 2275 1284 2337 poetis
1300 2275 1358 2324 lice-

224 2357 300 2405 mihi,
737 2343 738 2346 ¹
816 2358 866 2408 ret,
892 2367 935 2409 aa,
962 2367 1025 2415 quae
1050 2353 1081 2401 ab
1105 2354 1159 2416 ipso
1174 2354 1279 2402 Horatio
1294 2355 1359 2402 dicta

260 2435 424 2484 Heindoriius
442 2433 573 2497 accipiebat
589 2435 640 2481 iam
655 2449 703 2482 aaa
715 2440 776 2480 tam·
816 2437 887 2489 sunt,
904 2431 1016 2494 collegit:
1033 2433 1160 2492 Maxime,
1172 2435 1228 2495 quis
1244 2449 1301 2493 aaa,
1313 2436 1357 2482 Iu-

225 2529 308 2577 quam
326 2530 374 2562 moa
390 2517 456 2572 iarn,
471 2513 518 2562 ic.
535 2511 707 2575 nonamplius.
725 2511 776 2559 Do·
815 2512 894 2572 aiter,
914 2513 1054 2560 exclamat!
1080 2513 1200 2574 Quisquis
1220 2513 1269 2561 erit
1291 2515 1359 2563 citae

226 2594 341 2642 derlinus
359 2593 404 2640 hoc
420 2607 472 2641 esse
489 2593 606 2641 Latinum
623 2599 710 2655 negat,
726 2606 777 2639 non
818 2591 926 2638 scribam
946 2591 1020 2639 color.
1055 2593 1126 2638 Aica
1151 2606 1207 2639 eum
1223 2593 1360 2642 immeritos

228 2673 315 2735 magis
332 2687 406 2735 quam
423 2687 492 2721 nemo
508 2687 573 2731 aaa,
597 2673 657 2720 alum
678 2687 709 2720 ae
732 2685 777 2734 pro
819 2671 919 2728 occidit,
934 2670 1039 2732 desipit,
1059 2683 1142 2732 aquea.
1177 2671 1231 2719 Nec
1239 2672 1315 2734 serre
1331 2678 1361 2720 ut

228 2766 281 2800 aaa
298 2746 382 2807 nemo,
403 2752 500 2798 medum.
535 2749 688 2800 Sententiam
712 2764 777 2799 esse:
820 2750 917 2796 demate
947 2750 1094 2810 qerretricem
1127 2750 1218 2798 occidis
1253 2751 1361 2800 Orestes.

229 2837 276 2877 tua
292 2837 319 2876 te
335 2827 433 2876 fortuna
449 2829 474 2876 iu
491 2830 597 2892 patriam
614 2829 778 2886 reversi,iam
821 2827 909 2874 Paene
925 2841 1021 2875 macros
1032 2829 1097 2874 arsit
1107 2829 1167 2876 dum
1179 2829 1362 2878 turdoscersat

230 2923 302 2956 nunc
319 2909 380 2956 adeo
396 2907 501 2955 ferocem
521 2908 642 2970 rebusque
662 2907 710 2954 tuis
729 2920 779 2955 uon
820 2906 848 2952 iu
864 2907 928 2967 ique.
961 2904 993 2952 ln
1009 2906 1071 2965 istis,
1087 2917 1155 2968 puto,
1166 2907 1287 2969 exemplis
1299 2909 1362 2956 nihil

231 2995 382 3036 contentum
398 2985 470 3034 facit?
667 3005 671 3019 ι
821 2989 858 3030 est
877 2984 943 3045 quod
962 2999 1126 3047 quemquam,
1151 2999 1183 3032 ue
1204 2986 1230 3033 in
1253 2989 1363 3037 oratioue

271 3071 295 3116 0
312 3066 378 3112 mulli
393 3066 528 3126 quidquam
544 3065 653 3112 mentite.
678 3062 780 3126 Ulysses
822 3061 922 3123 quidem
935 3076 1020 3123 prosa,
1033 3055 1363 3129 meritooffeudat,excepto

232 3142 510 3195 orationamaTiresia
526 3141 657 3204 abruptam
673 3141 708 3190 sic
724 3156 780 3190 con-
824 3143 909 3188 Paene
933 3156 1029 3189 macros
1050 3144 1123 3190 ursit.
1157 3140 1207 3189 Ubi
1229 3148 1312 3192 tamen
1337 3145 1363 3192 in

231 3227 334 3280 tinuat,
350 3220 420 3285 quasi
436 3221 512 3269 rerba
527 3221 592 3269 illius
609 3235 659 3269 non
675 3222 781 3272 audivis-
821 3217 946 3268 nonnullis
963 3218 1040 3268 MSS.
1065 3218 1169 3282 legitur:
1194 3222 1281 3270 Peene
1297 3225 1364 3271 arsit

233 3311 283 3362 set,
300 3317 405 3366 cumque
415 3301 505 3350 blanda
516 3301 660 3350 allocutione
672 3301 717 3349 sibi
725 3316 781 3351 cou-
821 3314 926 3348 macros.
959 3298 988 3348 Si
1007 3299 1119 3347 idoneam
1140 3300 1309 3362 exemplorum
1325 3316 1364 3350 eo·

234 3383 324 3432 ciliare
339 3383 430 3430 studet.
822 3379 900 3441 piam,
924 3379 966 3426 isti
993 3381 1079 3427 Paene
1103 3394 1199 3428 macros
1216 3383 1281 3429 ursit
1297 3382 1364 3430 simi-

275 3465 383 3522 Quaado
401 3463 548 3526 pauperiem
573 3463 656 3510 missia
674 3463 781 3524 ambaqi-
822 3457 893 3516 lium,
910 3459 937 3505 in
953 3457 1077 3520 castigatis
1093 3458 1172 3520 politis
1188 3459 1364 3520 inveniremus,

237 3543 406 3598 baeterrae,
449 3543 546 3603 Accipe.
580 3541 781 3590 Hemsterhusius
823 3539 937 3596 dicerem,
954 3553 994 3586 eos
1011 3537 1071 3586 talia
1087 3538 1118 3585 ad
1134 3541 1364 3590 cursumorationis

236 3621 445 3683 operaepretium
459 3620 531 3667 duxit
545 3627 687 3670 annotasse:
705 3621 781 3680 „Iun-
823 3619 1007 3681 impediendum
1023 3618 1180 3683 quaesivisse.
1196 3619 1289 3669 Adhuc
1296 3636 1364 3672 caus·

239 3701 322 3762 ganda
338 3707 403 3758 sunt,
421 3701 505 3762 accipe
520 3702 603 3748 missia
614 3703 782 3764 ambeqibue.“
823 3713 877 3747 sam
893 3697 999 3747 librariis
1015 3697 1042 3747 in
1058 3699 1216 3748 describendo
1227 3702 1364 3751 errantibus

239 3780 299 3828 Iam
331 3777 526 3827 commentator:
563 3779 673 3837 „omissis
699 3779 782 3827 multis
823 3778 932 3827 tribuere
956 3778 1048 3827 malim.
1082 3778 1141 3827 Alia
1162 3779 1314 3840 Horatiana,
1337 3791 1365 3830 ut

240 3857 324 3907 verbis
343 3857 446 3920 accipe.“
468 3857 532 3906 idem
549 3860 671 3907 docuerat.
694 3859 782 3922 Neque
823 3857 883 3915 dixi,
900 3872 941 3906 me
961 3873 1011 3907 nou
1026 3857 1160 3907 offendunt.
1183 3859 1302 3908 Horatius
1317 3861 1366 3908 ista
1399 3889 1402 3892 ·

241 3938 315 3986 aliter
332 3943 421 3999 potest,
438 3937 486 3984 nisi
501 3951 545 3999 per
556 3937 653 4000 ellipsin
665 3937 782 4000 interpre-
824 3938 859 3986 sic
876 3938 989 3985 ordinare
1010 3938 1104 3999 poetico
1130 3939 1194 3986 mori
1219 3939 1365 3987 convenien-

242 4023 336 4065 temur:
354 4015 465 4078 quando,
482 4015 561 4064 missis
577 4016 720 4080 ambagibus
731 4019 783 4067 sine
825 4012 874 4066 tius
891 4017 1001 4080 putabat,
1013 4033 1089 4080 quam
1105 4018 1127 4065 si
1137 4017 1286 4080 scripsisset:
1303 4020 1365 4066 eori-

243 4096 298 4144 ulla
326 4094 469 4144 circuitione
494 4095 635 4158 simphciter
660 4097 783 4160 professus
825 4099 894 4158 bum,
910 4099 1023 4159 quiaquia
1038 4097 1367 4157 circumactumque

244 4191 282 4234 es,
299 4181 324 4222 te
339 4173 480 4236 pauperiem
500 4174 603 4223 horrere.
640 4175 726 4225 Simile
743 4191 784 4224 ex·
825 4192 881 4226 cum
897 4177 1035 4224 immeritos
1055 4174 1157 4233 occidit,
1179 4175 1272 4236 desipit
1288 4176 1365 4223 Aias.

244 4255 353 4319 emplum
370 4254 501 4302 verborum
518 4255 553 4302 ita
569 4254 725 4304 traiecturum
735 4271 785 4304 nou
826 4259 879 4304 Nec
889 4254 965 4318 ferro
988 4256 1080 4303 occidis
1098 4255 1245 4316 certatricem
1261 4253 1367 4301 insuaue

244 4343 305 4397 puto
321 4333 434 4381 inveniri.
455 4335 534 4397 quue
550 4349 579 4382 eo
595 4335 675 4398 magis
691 4335 722 4382 ab
735 4335 786 4384 Ho.
829 4337 934 4385 Orestes.

246 4415 310 4462 ratio
326 4413 418 4461 factum
435 4427 488 4462 esse
504 4413 586 4472 miror,
603 4429 659 4462 cum
671 4417 787 4478 potuisset
858 4413 941 4463 Video
957 4413 1007 4460 iam
1027 4410 1199 4461 Heindorfium
1216 4412 1299 4460 musis
1315 4427 1366 4460 am·

247 4494 363 4552 scribere,
382 4509 406 4540 v.
424 4507 444 4540 c.
462 4495 541 4556 Auqit
557 4497 705 4556 pauperies?
723 4494 787 4543 uta·
806 4489 809 4560 i
828 4495 931 4557 baqibue
952 4493 986 4540 ita
1010 4506 1061 4540 esee
1084 4492 1283 4553 interpretatum:
1301 4489 1367 4550 Quo-
