3542 5634
586 571 589 578 ·
651 548 678 612 Ι.
725 568 851 614 sarran
874 568 990 612 rv-V.

692 801 724 842 Ι.
761 791 895 840 SATIRA
915 791 962 839 IV.

307 971 337 1019 P.
355 971 394 1018 40.
432 973 468 1019 Di
493 974 551 1020 bene
569 973 691 1034 feserunt
715 974 798 1034 inopie
823 989 861 1022 me
881 974 993 1034 qnodque
1010 973 1104 1033 pusilii
1139 973 1285 1021 Finxerunt
1302 975 1395 1032 meimi,

258 1065 318 1098 raro
334 1057 359 1098 et
374 1066 504 1112 perpauca
521 1053 651 1114 loqueatis.
685 1052 771 1100 Iudice
787 1051 914 1109 Bentleio,
931 1053 1054 1112 toquentur
1070 1057 1108 1098 est
1124 1051 1215 1098 durum
1231 1059 1257 1100 et
1272 1060 1393 1111 ooaetum,

256 1128 319 1175 eitra
334 1129 412 1177 ullam
429 1130 605 1179 necessitatem.
640 1130 757 1194 Sequitur
773 1144 834 1193 ergo
850 1130 1012 1189 Lambinum,
1029 1130 1072 1193 qui
1089 1131 1230 1180 emendavit
1246 1130 1392 1194 loquentem.

257 1206 369 1256 Conieci:
389 1211 534 1258 linxerunt
551 1212 647 1268 animi,
668 1226 711 1260 ore
726 1217 751 1260 et
766 1227 850 1273 parua
866 1217 892 1259 et
915 1225 999 1272 pauca
1016 1211 1148 1272 loquentis.
1176 1211 1296 1260 Horatius
1312 1211 1392 1275 loqui-

257 1293 298 1334 tur
314 1286 345 1335 de
362 1279 520 1337 carminibus.
554 1287 684 1351 Crispinus
707 1303 764 1338 eum
787 1293 965 1351 provocaverat
981 1289 1013 1336 ad
1030 1301 1168 1347 certamen,
1189 1296 1245 1338 uter
1261 1289 1317 1352 plus
1333 1292 1392 1340 scri-

258 1363 315 1413 bere
332 1374 421 1428 posset.
455 1366 524 1416 Cedo
541 1368 598 1432 tibi,
615 1369 703 1431 inquit.
736 1369 826 1431 Neque
842 1371 946 1418 antinus
963 1381 1043 1431 neque
1058 1383 1084 1416 or
1100 1368 1162 1416 mihi
1178 1369 1312 1418 sufficiunt,
1330 1373 1393 1420 Ani·

258 1459 314 1491 inus
335 1451 360 1492 et
385 1461 411 1494 os
436 1447 462 1494 in
486 1460 512 1495 re
528 1447 573 1495 teli
598 1448 790 1510 coniunguntur.
825 1447 948 1496 Horatius
970 1462 1007 1495 vs.
1024 1446 1064 1495 43.
1090 1448 1226 1518 ingenium
1241 1450 1283 1498 oui
1299 1450 1334 1498 eit
1351 1454 1393 1499 oui
1485 1433 1491 1446 ¹

257 1539 326 1572 inens
343 1527 452 1574 divinior
468 1533 544 1590 atque
560 1543 586 1576 os
602 1529 702 1591 Magna
718 1534 879 1585 sanaturum,
895 1530 939 1576 des
955 1529 1063 1576 nominis
1078 1528 1153 1575 huius
1169 1529 1292 1578 honorem.
1316 1528 1393 1577 Hune

257 1602 366 1664 appelles
382 1606 489 1666 poetam.
521 1606 571 1655 Hic
588 1605 706 1670 Crispino
722 1607 783 1656 dicit
799 1607 847 1656 sibi
862 1607 975 1656 animam
991 1606 1108 1669 obtigisse
1124 1605 1245 1669 pusillum
1261 1614 1288 1656 et
1298 1621 1326 1656 os
1337 1622 1392 1670 per-

256 1695 336 1741 pauca
356 1680 471 1746 loquens,
487 1684 553 1733 idem
570 1684 634 1745 sere,
650 1699 679 1733 aa
699 1686 720 1734 si
736 1685 851 1742 dixisset,
873 1701 923 1734 non
938 1700 995 1734 rum
1009 1685 1099 1748 polita,
1120 1691 1146 1733 et
1167 1685 1189 1734 si
1212 1699 1299 1735 versus
1316 1687 1391 1737 inter-

257 1760 317 1806 dum
335 1760 409 1820 facio,
426 1762 490 1813 facio
506 1778 551 1814 neo
567 1764 684 1813 sublimes
701 1778 746 1813 neo
762 1764 861 1813 multos.
878 1764 1026 1827 Propertius
1043 1765 1079 1814 11.
1098 1778 1158 1812 vrrr.
1178 1765 1216 1812 15.
1240 1767 1322 1828 Surpe
1337 1768 1391 1814 ani·

258 1856 300 1888 ma
324 1857 356 1889 err
381 1845 480 1902 humili,
509 1846 561 1893 inm
577 1843 693 1894 earmina
709 1845 803 1894 sumite
818 1846 897 1903 uires,
920 1844 1052 1900 Pierides,
1074 1845 1160 1905 mapni
1176 1858 1245 1892 nuno
1265 1846 1316 1891 erit
1340 1846 1393 1893 oris

257 1934 326 1980 opus.
359 1922 447 1972 Hornt.
464 1924 543 1986 Epist.
561 1924 593 1971 ad
610 1923 714 1972 Pisones
731 1922 788 1972 323.
819 1923 909 1972 Graiis
926 1924 1067 1986 inpertiam,
1092 1923 1181 1971 Graiis
1202 1922 1272 1971 dedit
1291 1937 1335 1971 ore
1354 1939 1393 1971 ro-

260 2003 337 2049 tando
370 2003 452 2050 Musa
468 2005 543 2066 loqui.
576 2002 707 2053 Claudiae.
724 2002 773 2051 VI.
790 1999 892 2051 Consul.
909 2001 1004 2051 Honor.
1021 2001 1078 2050 492.
1095 2006 1193 2064 quanta
1204 2002 1258 2048 tuis
1265 1998 1394 2060 saaandiu

256 2081 335 2139 pollet
360 2081 487 2143 Inpeniie,
511 2087 625 2130 nostrum
650 2083 724 2144 dipno
746 2086 816 2130 sonet
836 2095 878 2129 ore
900 2085 1039 2143 parentem.
1072 2079 1108 2127 Di
1123 2094 1176 2138 me,
1199 2079 1248 2138 ait,
1263 2078 1392 2128 linxerunt

258 2155 336 2203 animi
357 2171 408 2206 non
424 2159 523 2222 magni,
542 2167 566 2208 et
583 2159 656 2208 huius
673 2159 734 2208 mihi
750 2159 787 2208 rei
803 2159 930 2216 eonsoius,
951 2173 1030 2222 perra
1046 2164 1145 2206 tuntum
1161 2165 1187 2207 et
1201 2172 1280 2221 panea
1295 2157 1393 2222 loquor.

260 2234 328 2296 Quid
343 2236 375 2284 sit
390 2253 498 2300 paruum
519 2239 571 2300 ipse
593 2240 699 2288 ostendit
720 2237 804 2288 Germ.
822 2237 872 2287 111.
890 2251 959 2288 xxv,
978 2238 1016 2290 17.
1041 2238 1091 2285 Nil
1110 2253 1219 2300 paruum
1238 2243 1286 2286 aut
1302 2240 1393 2287 iunriii

260 2317 340 2374 inodo,
375 2318 423 2367 Nil
439 2320 544 2368 mortale
561 2320 649 2382 loquar
665 2325 690 2368 et
706 2318 754 2368 IV.
772 2333 800 2366 11.
817 2319 856 2366 31.
881 2332 983 2379 operosa
998 2332 1095 2380 parmae
1114 2317 1239 2365 Carmina
1247 2317 1327 2380 finpo.

310 2394 340 2443 P.
357 2397 397 2446 40.
431 2400 518 2447 Detur
534 2401 603 2448 nobis
620 2401 696 2448 locus.
729 2398 813 2460 Nepos
830 2396 950 2460 Pelopida
965 2396 1003 2445 ΙΙ.
1021 2398 1132 2445 Domum
1152 2396 1279 2446 Charonis
1295 2398 1394 2446 detero

260 2481 334 2533 rant,
352 2493 368 2525 a
384 2492 432 2544 W
448 2483 473 2526 et
489 2483 588 2541 tempue
604 2484 629 2527 et
646 2479 698 2526 dies
715 2483 771 2527 erat
789 2479 875 2526 datiis.

310 2556 340 2605 P.
357 2558 396 2606 41.
434 2558 596 2616 Quodnam,
623 2572 683 2620 quos
699 2543 775 2619 penus
792 2558 837 2606 hoe
854 2557 956 2606 minime
970 2557 1057 2615 iurat,
1081 2559 1169 2618 utpote
1183 2557 1270 2616 plures
1287 2555 1396 2617 Culpari

260 2637 354 2697 dignor.
387 2637 528 2686 Meinekius
551 2652 600 2686 non
627 2651 688 2684 sana
703 2636 801 2685 iudicat.
836 2634 973 2685 Horhelius
989 2633 1099 2684 ooniioit:
1122 2640 1210 2697 utpote
1233 2635 1309 2684 iares.
1343 2634 1395 2683 Do·

261 2715 372 2764 derliuus
389 2731 421 2765 ex
444 2717 531 2765 sudaei
547 2715 710 2780 brachylogia
734 2717 926 2779 interpretatur:
948 2715 1015 2778 quod
1031 2721 1106 2773 eunt,
1131 2727 1193 2778 quos
1214 2727 1292 2776 genus
1310 2713 1396 2764 Satiri-

259 2808 318 2842 oum
343 2795 445 2844 minime
461 2796 542 2856 iuvat,
568 2802 651 2860 utpote
676 2797 759 2859 plures
776 2796 891 2858 culpans,
917 2810 992 2859 quam
1017 2796 1060 2860 qui
1085 2794 1234 2843 nominatim
1256 2794 1396 2858 culpantur,

261 2889 349 2939 nempe
373 2889 458 2924 omnes
475 2875 570 2938 culpari
586 2876 682 2937 dignos.
712 2875 779 2924 Mihi
796 2874 890 2923 saelhua
907 2875 1018 2923 videtur:
1047 2876 1123 2934 Quod
1138 2880 1212 2932 runt,
1237 2889 1298 2936 quoa
1321 2888 1398 2936 penus

262 2957 306 3004 hoo
322 2957 424 3004 minime
440 2957 528 3011 iurat,
550 2959 597 3011 ut,
610 2959 689 3014 puto,
709 2955 808 3014 plures,
834 2953 945 3015 Calpari
961 2955 1055 3014 dipme.
1090 2953 1168 3010 Sunt,
1186 2953 1229 3016 qui
1245 2967 1295 3001 non
1312 2960 1397 3002 ament

261 3033 307 3081 hoc
325 3047 403 3096 genus
420 3033 521 3095 poesios.
555 3031 605 3081 Sed
622 3031 661 3089 hi,
677 3037 750 3093 puto,
767 3037 826 3078 sunt
837 3044 897 3079 suae
914 3031 962 3078 sibi
977 3031 1064 3094 eulpae
1080 3032 1181 3090 eonscii,
1204 3030 1289 3095 quales
1305 3033 1397 3096 ubique

260 3111 372 3160 invenias
389 3111 480 3173 plures.
513 3110 607 3172 Atripe
623 3109 712 3157 velex
728 3109 810 3156 media
825 3109 899 3156 turba
915 3123 990 3171 quem
1011 3110 1057 3158 vis.
1090 3109 1172 3158 Nemo
1188 3109 1254 3159 vitiis
1272 3117 1351 3160 vaeat.
1435 3118 1437 3121 '

310 3187 341 3236 Ρ.
358 3189 399 3238 42.
432 3190 489 3252 Ego
515 3195 628 3252 nepotem
652 3189 687 3236 sio
709 3202 765 3236 oum
787 3194 857 3250 petre
878 3194 903 3236 et
919 3186 971 3235 filio
987 3202 1037 3236 non
1054 3188 1245 3238 ooniunxisaem.
1280 3189 1344 3238 Alia
1359 3198 1397 3240 est

261 3282 350 3317 caussa
366 3269 391 3316 in
408 3269 444 3318 II.
464 3269 536 3320 Satir.
554 3269 575 3317 1.
594 3267 633 3317 53.
653 3269 762 3316 Scaenae
777 3269 886 3316 vivacem
904 3269 977 3316 erede
991 3269 1076 3330 nepoti
1102 3269 1224 3317 Matrem.

310 3345 343 3394 P.
360 3346 400 3394 42.
436 3349 521 3416 Filiae
543 3350 597 3411 ipre
613 3353 652 3396 eet
668 3347 781 3395 dedecus.
814 3345 890 3394 Adde
905 3346 1001 3394 Lucan.
1018 3345 1053 3395 X.
1069 3345 1109 3394 59.
1143 3342 1277 3409 Cleopatra
1292 3350 1397 3398 &demes

263 3429 381 3489 Aegypti.

310 3504 342 3555 P.
360 3505 400 3554 44.
434 3505 590 3569 Adsperpere
606 3509 712 3555 cunctos.
739 3504 858 3568 Aliquem
875 3519 942 3567 aqua
960 3505 1074 3566 spargit,
1090 3503 1134 3566 qui
1150 3509 1255 3553 recreat.
1272 3505 1397 3568 Exempla

183 3609 184 3612 ¹
262 3586 383 3635 nonnulla
399 3593 458 3634 sunt
474 3586 539 3648 apud
556 3585 643 3634 Heins.
661 3587 692 3633 ed
709 3583 794 3634 Ovidii
810 3584 870 3632 Art.
887 3584 974 3632 Amet.
990 3582 1042 3633 ΙΙΙ.
1059 3582 1116 3635 726.

311 3667 341 3715 P.
359 3668 399 3718 47.
450 3665 543 3714 Melina
560 3667 759 3715 caureasreddet
776 3666 831 3713 tibi.
863 3665 945 3712 Acro:
964 3663 1146 3726 „Philosophus
1163 3669 1188 3711 te
1204 3662 1291 3714 dooere
1307 3663 1399 3727 poterit

262 3747 366 3802 melius,
383 3759 446 3809 quae
462 3753 521 3794 sunt
537 3747 638 3795 vitanda
654 3746 707 3794 sive
724 3746 868 3808 appetenda.
903 3745 961 3807 Ego
977 3748 1062 3793 autem
1078 3749 1104 3792 te
1120 3743 1205 3802 docui,
1215 3757 1280 3807 quae
1295 3749 1354 3792 sunt
1370 3743 1397 3792 in

264 3839 310 3874 usu
328 3826 486 3874 constituta.“

707 3994 739 4034 1.
777 3983 915 4034 SATIRA
935 3983 970 4031 V.

312 4135 343 4183 P.
360 4135 400 4182 49.
435 4135 492 4183 Hoo
516 4135 567 4182 iter
594 4135 679 4196 ipnarn
696 4135 837 4182 divisimus.
871 4132 952 4180 Acro:
979 4130 1021 4188 „id
1037 4137 1091 4189 est,
1116 4130 1149 4178 ab
1173 4130 1234 4179 urbe
1256 4130 1282 4178 in
1304 4131 1398 4180 Forum

265 4213 343 4277 Appii
359 4213 433 4262 biduo
449 4213 575 4272 venimus,
593 4225 642 4275 quo
658 4213 795 4274 argutiores
808 4225 858 4259 uno
875 4210 913 4258 die
929 4209 1026 4258 soleant
1042 4209 1150 4258 renire.“
1183 4209 1300 4258 Fortasse
1315 4209 1396 4274 legen·

266 4295 325 4342 dum
343 4294 464 4356 apiliares.

314 4373 344 4422 P.
362 4374 401 4421 49.
436 4371 526 4422 Minae
541 4376 577 4420 ert
594 4372 677 4433 mauis
694 4372 782 4433 Appia
800 4371 889 4418 tardis.
923 4368 1004 4417 Acro:
1022 4368 1137 4426 „oram
1152 4372 1189 4416 ert
1206 4368 1314 4416 minue.“
1342 4367 1400 4420 col·

265 4452 353 4502 looatio
369 4453 500 4502 verborum
518 4465 568 4500 non
585 4450 686 4499 aliunde
703 4450 815 4514 cognita,
832 4456 860 4497 ut
877 4455 947 4512 putat
964 4448 1088 4511 Paulyus.

316 4533 347 4580 P.
365 4532 404 4580 50.
441 4531 543 4580 Fundos
566 4529 668 4593 Aufidio
686 4531 765 4578 Lurco
779 4533 898 4591 praetore
918 4529 1023 4578 libenter
1048 4526 1205 4589 Linquimus.
1239 4525 1349 4591 Scaliger
1374 4529 1400 4576 in
