<?xml version="1.0" encoding="UTF-8"?>
<!DOCTYPE html PUBLIC "-//W3C//DTD XHTML 1.0 Transitional//EN"
    "http://www.w3.org/TR/xhtml1/DTD/xhtml1-transitional.dtd">
<html xmlns="http://www.w3.org/1999/xhtml" xml:lang="en" lang="en">
 <head>
  <title>
</title>
<meta http-equiv="Content-Type" content="text/html;charset=utf-8" />
  <meta name='ocr-system' content='tesseract 3.04.00' />
  <meta name='ocr-capabilities' content='ocr_page ocr_carea ocr_par ocr_line ocrx_word'/>
</head>
<body>
  <div class='ocr_page' id='page_1' title='image "./qhoratiiflaccis01peergoog_0059.png"; bbox 0 0 3542 5634; ppageno 0'>
   <div class='ocr_carea' id='block_1_1' title="bbox 823 462 1168 532">
    <p class='ocr_par' dir='ltr' id='par_1_1' title="bbox 823 462 1168 532">
     <span class='ocr_line' id='line_1_1' title="bbox 823 462 1168 532; baseline -0.017 0"><span class='ocrx_word' id='word_1_1' title='bbox 823 462 1168 532; x_wconf 81' lang='lat' dir='ltr'><strong>SATIRARUM</strong></span> 
     </span>
    </p>
   </div>
   <div class='ocr_carea' id='block_1_2' title="bbox 472 652 1400 1568">
    <p class='ocr_par' dir='ltr' id='par_1_2' title="bbox 472 652 1400 1568">
     <span class='ocr_line' id='line_1_2' title="bbox 472 652 1388 745; baseline -0.012 -18"><span class='ocrx_word' id='word_1_2' title='bbox 472 662 628 734; x_wconf 79' lang='lat' dir='ltr'><strong>simodo</strong></span> <span class='ocrx_word' id='word_1_3' title='bbox 650 660 746 745; x_wconf 89' lang='lat' dir='ltr'><strong>plura</strong></span> <span class='ocrx_word' id='word_1_4' title='bbox 768 657 851 722; x_wconf 89' lang='lat' dir='ltr'><strong>mihi</strong></span> <span class='ocrx_word' id='word_1_5' title='bbox 874 657 961 722; x_wconf 90' lang='lat' dir='ltr'><strong>bona</strong></span> <span class='ocrx_word' id='word_1_6' title='bbox 984 661 1081 737; x_wconf 90' lang='lat' dir='ltr'><strong>sunt,</strong></span> <span class='ocrx_word' id='word_1_7' title='bbox 1106 652 1260 735; x_wconf 82' lang='lat' dir='ltr'>inclinet,</span> <span class='ocrx_word' id='word_1_8' title='bbox 1285 652 1388 718; x_wconf 81' lang='lat' dir='ltr'><strong>amari</strong></span> 
     </span>
     <span class='ocr_line' id='line_1_3' title="bbox 473 756 1334 846; baseline -0.01 -16"><span class='ocrx_word' id='word_1_9' title='bbox 473 763 509 830; x_wconf 84' lang='lat' dir='ltr'><strong>Si</strong></span> <span class='ocrx_word' id='word_1_10' title='bbox 531 764 637 830; x_wconf 89' lang='lat' dir='ltr'><strong>velet:</strong></span> <span class='ocrx_word' id='word_1_11' title='bbox 661 763 722 828; x_wconf 88' lang='lat' dir='ltr'><strong>hac</strong></span> <span class='ocrx_word' id='word_1_12' title='bbox 744 761 817 846; x_wconf 84' lang='lat' dir='ltr'><strong>lege</strong></span> <span class='ocrx_word' id='word_1_13' title='bbox 839 758 875 824; x_wconf 90' lang='lat' dir='ltr'><strong>in</strong></span> <span class='ocrx_word' id='word_1_14' title='bbox 899 757 1026 824; x_wconf 88' lang='lat' dir='ltr'><strong>trutina</strong></span> <span class='ocrx_word' id='word_1_15' title='bbox 1047 762 1189 842; x_wconf 89' lang='lat' dir='ltr'><strong>ponetur</strong></span> <span class='ocrx_word' id='word_1_16' title='bbox 1211 756 1334 824; x_wconf 89' lang='lat' dir='ltr'><strong>eadem.</strong></span> 
     </span>
     <span class='ocr_line' id='line_1_4' title="bbox 473 858 1330 949; baseline -0.007 -18"><span class='ocrx_word' id='word_1_17' title='bbox 473 865 553 949; x_wconf 80' lang='lat' dir='ltr'><strong>Qui,</strong></span> <span class='ocrx_word' id='word_1_18' title='bbox 577 887 619 931; x_wconf 91' lang='lat' dir='ltr'><strong>ne</strong></span> <span class='ocrx_word' id='word_1_19' title='bbox 641 864 811 931; x_wconf 77' lang='lat' dir='ltr'><strong>tuberibus</strong></span> <span class='ocrx_word' id='word_1_20' title='bbox 833 860 975 948; x_wconf 87' lang='lat' dir='ltr'><strong>propriis</strong></span> <span class='ocrx_word' id='word_1_21' title='bbox 999 858 1144 926; x_wconf 85' lang='lat' dir='ltr'><strong>offendat</strong></span> <span class='ocrx_word' id='word_1_22' title='bbox 1165 859 1330 942; x_wconf 88' lang='lat' dir='ltr'><strong>amioum,</strong></span> 
     </span>
     <span class='ocr_line' id='line_1_5' title="bbox 473 961 1400 1054; baseline -0.005 -21"><span class='ocrx_word' id='word_1_23' title='bbox 473 969 642 1052; x_wconf 81' lang='lat' dir='ltr'><strong>Postulat,</strong></span> <span class='ocrx_word' id='word_1_24' title='bbox 666 968 816 1054; x_wconf 79' lang='lat' dir='ltr'><strong>ignoscet</strong></span> <span class='ocrx_word' id='word_1_25' title='bbox 838 964 982 1031; x_wconf 87' lang='lat' dir='ltr'><strong>verrucis</strong></span> <span class='ocrx_word' id='word_1_26' title='bbox 1006 963 1107 1030; x_wconf 89' lang='lat' dir='ltr'><strong>illius.</strong></span> <span class='ocrx_word' id='word_1_27' title='bbox 1154 961 1306 1049; x_wconf 88' lang='lat' dir='ltr'><strong>Aequum</strong></span> <span class='ocrx_word' id='word_1_28' title='bbox 1331 970 1400 1046; x_wconf 88' lang='lat' dir='ltr'><strong>est,</strong></span> 
     </span>
     <span class='ocr_line' id='line_1_6' title="bbox 472 1066 1285 1155; baseline -0.011 -15"><span class='ocrx_word' id='word_1_29' title='bbox 472 1072 619 1140; x_wconf 87' lang='lat' dir='ltr'><strong>Peccatis</strong></span> <span class='ocrx_word' id='word_1_30' title='bbox 642 1071 774 1138; x_wconf 79' lang='lat' dir='ltr'><strong>veniam</strong></span> <span class='ocrx_word' id='word_1_31' title='bbox 796 1073 986 1155; x_wconf 88' lang='lat' dir='ltr'><strong>poscentem</strong></span> <span class='ocrx_word' id='word_1_32' title='bbox 1009 1066 1142 1132; x_wconf 83' lang='lat' dir='ltr'>reddere</span> <span class='ocrx_word' id='word_1_33' title='bbox 1164 1087 1285 1132; x_wconf 90' lang='lat' dir='ltr'><strong>rursus.</strong></span> 
     </span>
     <span class='ocr_line' id='line_1_7' title="bbox 472 1169 1366 1262; baseline -0.008 -22"><span class='ocrx_word' id='word_1_34' title='bbox 472 1176 641 1262; x_wconf 87' lang='lat' dir='ltr'><strong>Denique,</strong></span> <span class='ocrx_word' id='word_1_35' title='bbox 666 1179 827 1262; x_wconf 81' lang='lat' dir='ltr'><strong>quatenus</strong></span> <span class='ocrx_word' id='word_1_36' title='bbox 851 1171 957 1237; x_wconf 88' lang='lat' dir='ltr'><strong>excidi</strong></span> <span class='ocrx_word' id='word_1_37' title='bbox 979 1170 1112 1256; x_wconf 90' lang='lat' dir='ltr'><strong>penitus</strong></span> <span class='ocrx_word' id='word_1_38' title='bbox 1136 1169 1256 1234; x_wconf 90' lang='lat' dir='ltr'><strong>vitium</strong></span> <span class='ocrx_word' id='word_1_39' title='bbox 1279 1169 1366 1251; x_wconf 89' lang='lat' dir='ltr'><strong>irae,</strong></span> 
     </span>
     <span class='ocr_line' id='line_1_8' title="bbox 474 1271 1398 1362; baseline -0.01 -18"><span class='ocrx_word' id='word_1_40' title='bbox 474 1278 590 1345; x_wconf 74' lang='lat' dir='ltr'><strong>Cetera</strong></span> <span class='ocrx_word' id='word_1_41' title='bbox 611 1279 692 1343; x_wconf 90' lang='lat' dir='ltr'><strong>item</strong></span> <span class='ocrx_word' id='word_1_42' title='bbox 714 1279 883 1362; x_wconf 90' lang='lat' dir='ltr'><strong>nequeunt</strong></span> <span class='ocrx_word' id='word_1_43' title='bbox 905 1271 1018 1338; x_wconf 85' lang='lat' dir='ltr'><strong>strrltie</strong></span> <span class='ocrx_word' id='word_1_44' title='bbox 1042 1271 1225 1354; x_wconf 87' lang='lat' dir='ltr'><strong>haerentia,</strong></span> <span class='ocrx_word' id='word_1_45' title='bbox 1250 1293 1308 1338; x_wconf 90' lang='lat' dir='ltr'><strong>cur</strong></span> <span class='ocrx_word' id='word_1_46' title='bbox 1331 1293 1398 1336; x_wconf 90' lang='lat' dir='ltr'><strong>non</strong></span> 
     </span>
     <span class='ocr_line' id='line_1_9' title="bbox 473 1375 1391 1464; baseline -0.005 -19"><span class='ocrx_word' id='word_1_47' title='bbox 473 1381 678 1447; x_wconf 79' lang='lat' dir='ltr'><strong>Ponderibus</strong></span> <span class='ocrx_word' id='word_1_48' title='bbox 701 1379 909 1464; x_wconf 87' lang='lat' dir='ltr'><strong>modulisque</strong></span> <span class='ocrx_word' id='word_1_49' title='bbox 933 1376 1002 1443; x_wconf 91' lang='lat' dir='ltr'><strong>suis</strong></span> <span class='ocrx_word' id='word_1_50' title='bbox 1025 1375 1111 1442; x_wconf 89' lang='lat' dir='ltr'><strong>ratio</strong></span> <span class='ocrx_word' id='word_1_51' title='bbox 1133 1375 1256 1458; x_wconf 87' lang='lat' dir='ltr'><strong>utitur,</strong></span> <span class='ocrx_word' id='word_1_52' title='bbox 1280 1397 1317 1440; x_wconf 87' lang='lat' dir='ltr'><strong>ac</strong></span> <span class='ocrx_word' id='word_1_53' title='bbox 1340 1396 1391 1440; x_wconf 88' lang='lat' dir='ltr'><strong>res</strong></span> 
     </span>
     <span class='ocr_line' id='line_1_10' title="bbox 475 1477 1365 1568; baseline -0.007 -19"><span class='ocrx_word' id='word_1_54' title='bbox 475 1484 525 1549; x_wconf 92' lang='lat' dir='ltr'><strong>Ut</strong></span> <span class='ocrx_word' id='word_1_55' title='bbox 548 1505 694 1568; x_wconf 89' lang='lat' dir='ltr'><strong>quaeque</strong></span> <span class='ocrx_word' id='word_1_56' title='bbox 716 1488 786 1564; x_wconf 87' lang='lat' dir='ltr'><strong>est,</strong></span> <span class='ocrx_word' id='word_1_57' title='bbox 810 1481 859 1545; x_wconf 87' lang='lat' dir='ltr'><strong>ita</strong></span> <span class='ocrx_word' id='word_1_58' title='bbox 882 1477 1053 1565; x_wconf 91' lang='lat' dir='ltr'><strong>suppliciis</strong></span> <span class='ocrx_word' id='word_1_59' title='bbox 1078 1478 1198 1546; x_wconf 87' lang='lat' dir='ltr'><strong>delicta</strong></span> <span class='ocrx_word' id='word_1_60' title='bbox 1220 1479 1365 1546; x_wconf 88' lang='lat' dir='ltr'><strong>coercet?</strong></span> 
     </span>
    </p>
   </div>
   <div class='ocr_carea' id='block_1_3' title="bbox 427 1697 1575 2235">
    <p class='ocr_par' dir='ltr' id='par_1_3' title="bbox 427 1697 1575 2235">
     <span class='ocr_line' id='line_1_11' title="bbox 430 1697 1575 1763; baseline -0.002 -14"><span class='ocrx_word' id='word_1_61' title='bbox 430 1705 499 1748; x_wconf 75' lang='lat' dir='ltr'><strong>murt.</strong></span> <span class='ocrx_word' id='word_1_62' title='bbox 532 1700 668 1749; x_wconf 86' lang='lat' dir='ltr'><strong>Dubitatur</strong></span> <span class='ocrx_word' id='word_1_63' title='bbox 679 1701 744 1749; x_wconf 87' lang='lat' dir='ltr'><strong>sitne</strong></span> <span class='ocrx_word' id='word_1_64' title='bbox 755 1715 812 1749; x_wconf 81' lang='lat' dir='ltr'><strong>curu</strong></span> <span class='ocrx_word' id='word_1_65' title='bbox 821 1697 979 1763; x_wconf 89' lang='lat' dir='ltr'><strong>praepositio,</strong></span> <span class='ocrx_word' id='word_1_66' title='bbox 1019 1704 1044 1746; x_wconf 89' lang='lat' dir='ltr'><strong>et</strong></span> <span class='ocrx_word' id='word_1_67' title='bbox 1060 1698 1081 1746; x_wconf 94' lang='grc' dir='ltr'><strong>Ι,</strong></span> <span class='ocrx_word' id='word_1_68' title='bbox 1100 1711 1137 1746; x_wconf 89' lang='lat' dir='ltr'><strong>vr.</strong></span> <span class='ocrx_word' id='word_1_69' title='bbox 1154 1698 1193 1747; x_wconf 81' lang='grc'><strong>65.</strong></span> <span class='ocrx_word' id='word_1_70' title='bbox 1212 1697 1243 1748; x_wconf 77' lang='lat' dir='ltr'><strong>si</strong></span> <span class='ocrx_word' id='word_1_71' title='bbox 1259 1699 1331 1748; x_wconf 73' lang='lat' dir='ltr'><strong>vitiu</strong></span> <span class='ocrx_word' id='word_1_72' title='bbox 1347 1697 1524 1754; x_wconf 69' lang='lat' dir='ltr'><strong>maceriem,</strong></span> <span class='ocrx_word' id='word_1_73' title='bbox 1542 1715 1575 1748; x_wconf 85' lang='lat' dir='ltr'><strong>ac</strong></span> 
     </span>
     <span class='ocr_line' id='line_1_12' title="bbox 430 1776 1575 1840; baseline 0 -14"><span class='ocrx_word' id='word_1_74' title='bbox 430 1793 464 1826; x_wconf 93' lang='lat' dir='ltr'><strong>an</strong></span> <span class='ocrx_word' id='word_1_75' title='bbox 484 1779 636 1828; x_wconf 79' lang='lat' dir='ltr'><strong>adverbium.</strong></span> <span class='ocrx_word' id='word_1_76' title='bbox 670 1779 698 1829; x_wconf 84' lang='lat' dir='ltr'><strong>si</strong></span> <span class='ocrx_word' id='word_1_77' title='bbox 720 1779 840 1828; x_wconf 74' lang='lat' dir='ltr'><strong>Horatius</strong></span> <span class='ocrx_word' id='word_1_78' title='bbox 862 1777 981 1826; x_wconf 84' lang='lat' dir='ltr'><strong>voluisset</strong></span> <span class='ocrx_word' id='word_1_79' title='bbox 1020 1792 1074 1826; x_wconf 79' lang='lat' dir='ltr'><strong>mm</strong></span> <span class='ocrx_word' id='word_1_80' title='bbox 1089 1779 1178 1840; x_wconf 73' lang='lat' dir='ltr'><strong>paucis</strong></span> <span class='ocrx_word' id='word_1_81' title='bbox 1204 1776 1327 1828; x_wconf 77' lang='lat' dir='ltr'><strong>Mandata</strong></span> <span class='ocrx_word' id='word_1_82' title='bbox 1343 1781 1381 1826; x_wconf 81' lang='lat' dir='ltr'><strong>est</strong></span> <span class='ocrx_word' id='word_1_83' title='bbox 1402 1782 1507 1826; x_wconf 80' lang='lat' dir='ltr'><strong>matura.</strong></span> <span class='ocrx_word' id='word_1_84' title='bbox 1542 1778 1575 1826; x_wconf 73' lang='lat' dir='ltr'><strong>si</strong></span> 
     </span>
     <span class='ocr_line' id='line_1_13' title="bbox 429 1855 1574 1922; baseline -0.002 -16"><span class='ocrx_word' id='word_1_85' title='bbox 429 1858 643 1920; x_wconf 83' lang='lat' dir='ltr'><strong>praepositionem,</strong></span> <span class='ocrx_word' id='word_1_86' title='bbox 652 1859 798 1922; x_wconf 87' lang='lat' dir='ltr'><strong>scripsisset,</strong></span> <span class='ocrx_word' id='word_1_87' title='bbox 807 1857 894 1905; x_wconf 86' lang='lat' dir='ltr'><strong>credo:</strong></span> <span class='ocrx_word' id='word_1_88' title='bbox 908 1855 979 1904; x_wconf 85' lang='lat' dir='ltr'><strong>Com·</strong></span> <span class='ocrx_word' id='word_1_89' title='bbox 1020 1871 1097 1918; x_wconf 83' lang='lat' dir='ltr'><strong>neque</strong></span> <span class='ocrx_word' id='word_1_90' title='bbox 1121 1857 1276 1916; x_wconf 78' lang='lat' dir='ltr'><strong>auaritiam,</strong></span> <span class='ocrx_word' id='word_1_91' title='bbox 1302 1870 1381 1918; x_wconf 81' lang='lat' dir='ltr'><strong>neque</strong></span> <span class='ocrx_word' id='word_1_92' title='bbox 1403 1857 1500 1912; x_wconf 78' lang='lat' dir='ltr'><strong>sordeo,</strong></span> <span class='ocrx_word' id='word_1_93' title='bbox 1526 1871 1574 1904; x_wconf 80' lang='lat' dir='ltr'><strong>mec</strong></span> 
     </span>
     <span class='ocr_line' id='line_1_14' title="bbox 427 1933 1573 1997; baseline -0.002 -13"><span class='ocrx_word' id='word_1_94' title='bbox 427 1942 514 1997; x_wconf 76' lang='lat' dir='ltr'><strong>perstet</strong></span> <span class='ocrx_word' id='word_1_95' title='bbox 531 1951 586 1986; x_wconf 74' lang='lat' dir='ltr'><strong>raca</strong></span> <span class='ocrx_word' id='word_1_96' title='bbox 602 1952 659 1986; x_wconf 79' lang='lat' dir='ltr'><strong>cunt</strong></span> <span class='ocrx_word' id='word_1_97' title='bbox 669 1938 738 1985; x_wconf 74' lang='lat' dir='ltr'><strong>uitiis</strong></span> <span class='ocrx_word' id='word_1_98' title='bbox 749 1939 819 1985; x_wconf 83' lang='lat' dir='ltr'><strong>bana.</strong></span> <span class='ocrx_word' id='word_1_99' title='bbox 847 1933 980 1983; x_wconf 86' lang='lat' dir='ltr'><strong>Herbetius</strong></span> <span class='ocrx_word' id='word_1_100' title='bbox 1020 1935 1088 1983; x_wconf 77' lang='grc' dir='ltr'><strong>ηιαῑα</strong></span> <span class='ocrx_word' id='word_1_101' title='bbox 1112 1936 1197 1983; x_wconf 80' lang='lat' dir='ltr'><strong>lustra</strong></span> <span class='ocrx_word' id='word_1_102' title='bbox 1226 1935 1335 1983; x_wconf 82' lang='lat' dir='ltr'><strong>Obiieiet</strong></span> <span class='ocrx_word' id='word_1_103' title='bbox 1358 1948 1414 1983; x_wconf 82' lang='lat' dir='ltr'><strong>uere</strong></span> <span class='ocrx_word' id='word_1_104' title='bbox 1436 1935 1573 1997; x_wconf 82' lang='lat' dir='ltr'><strong>quiequam</strong></span> 
     </span>
     <span class='ocr_line' id='line_1_15' title="bbox 429 2012 1573 2078; baseline 0.002 -18"><span class='ocrx_word' id='word_1_105' title='bbox 429 2020 557 2076; x_wconf 76' lang='lat' dir='ltr'><strong>separatae</strong></span> <span class='ocrx_word' id='word_1_106' title='bbox 579 2030 594 2062; x_wconf 85' lang='lat' dir='ltr'><strong>a</strong></span> <span class='ocrx_word' id='word_1_107' title='bbox 616 2014 771 2064; x_wconf 85' lang='lat' dir='ltr'><strong>substantivo</strong></span> <span class='ocrx_word' id='word_1_108' title='bbox 791 2012 980 2078; x_wconf 82' lang='lat' dir='ltr'><strong>praepositionis</strong></span> <span class='ocrx_word' id='word_1_109' title='bbox 1019 2014 1090 2061; x_wconf 79' lang='lat' dir='ltr'><strong>milri.</strong></span> <span class='ocrx_word' id='word_1_110' title='bbox 1124 2013 1194 2062; x_wconf 89' lang='lat' dir='ltr'><strong>Haec</strong></span> <span class='ocrx_word' id='word_1_111' title='bbox 1209 2018 1268 2061; x_wconf 87' lang='lat' dir='ltr'><strong>sunt</strong></span> <span class='ocrx_word' id='word_1_112' title='bbox 1283 2012 1380 2075; x_wconf 86' lang='lat' dir='ltr'><strong>turpia,</strong></span> <span class='ocrx_word' id='word_1_113' title='bbox 1397 2013 1498 2074; x_wconf 76' lang='lat' dir='ltr'><strong>gravia,</strong></span> <span class='ocrx_word' id='word_1_114' title='bbox 1521 2013 1573 2062; x_wconf 84' lang='lat' dir='ltr'><strong>alia</strong></span> 
     </span>
     <span class='ocr_line' id='line_1_16' title="bbox 429 2085 1571 2155; baseline 0.003 -16"><span class='ocrx_word' id='word_1_115' title='bbox 429 2090 544 2155; x_wconf 81' lang='lat' dir='ltr'><strong>exempla</strong></span> <span class='ocrx_word' id='word_1_116' title='bbox 551 2092 623 2141; x_wconf 85' lang='lat' dir='ltr'><strong>affert</strong></span> <span class='ocrx_word' id='word_1_117' title='bbox 635 2097 711 2154; x_wconf 80' lang='lat' dir='ltr'><strong>inter,</strong></span> <span class='ocrx_word' id='word_1_118' title='bbox 721 2096 824 2151; x_wconf 81' lang='lat' dir='ltr'><strong>circum,</strong></span> <span class='ocrx_word' id='word_1_119' title='bbox 835 2107 923 2154; x_wconf 77' lang='lat' dir='ltr'><strong>mpra,</strong></span> <span class='ocrx_word' id='word_1_120' title='bbox 934 2107 979 2140; x_wconf 79' lang='lat' dir='ltr'><strong>ex:</strong></span> <span class='ocrx_word' id='word_1_121' title='bbox 1019 2091 1160 2150; x_wconf 87' lang='lat' dir='ltr'><strong>mediocria,</strong></span> <span class='ocrx_word' id='word_1_122' title='bbox 1172 2095 1272 2142; x_wconf 84' lang='lat' dir='ltr'><strong>leviora.</strong></span> <span class='ocrx_word' id='word_1_123' title='bbox 1295 2091 1400 2140; x_wconf 84' lang='lat' dir='ltr'><strong>Amicus</strong></span> <span class='ocrx_word' id='word_1_124' title='bbox 1411 2097 1495 2140; x_wconf 80' lang='lat' dir='ltr'><strong>antem</strong></span> <span class='ocrx_word' id='word_1_125' title='bbox 1505 2085 1571 2142; x_wconf 67' lang='lat' dir='ltr'><strong>iaru-</strong></span> 
     </span>
     <span class='ocr_line' id='line_1_17' title="bbox 429 2171 1571 2235; baseline -0.001 -16"><span class='ocrx_word' id='word_1_126' title='bbox 429 2173 615 2234; x_wconf 86' lang='lat' dir='ltr'><strong>praepositionis</strong></span> <span class='ocrx_word' id='word_1_127' title='bbox 638 2190 694 2222; x_wconf 85' lang='lat' dir='ltr'><strong>eum</strong></span> <span class='ocrx_word' id='word_1_128' title='bbox 715 2174 752 2222; x_wconf 92' lang='lat' dir='ltr'><strong>ita</strong></span> <span class='ocrx_word' id='word_1_129' title='bbox 778 2180 904 2235; x_wconf 86' lang='lat' dir='ltr'><strong>separatae</strong></span> <span class='ocrx_word' id='word_1_130' title='bbox 930 2185 981 2218; x_wconf 92' lang='lat' dir='ltr'><strong>non</strong></span> <span class='ocrx_word' id='word_1_131' title='bbox 1018 2176 1110 2232; x_wconf 81' lang='lat' dir='ltr'><strong>pensat</strong></span> <span class='ocrx_word' id='word_1_132' title='bbox 1127 2171 1190 2219; x_wconf 82' lang='lat' dir='ltr'><strong>tana</strong></span> <span class='ocrx_word' id='word_1_133' title='bbox 1206 2171 1291 2227; x_wconf 77' lang='lat' dir='ltr'><strong>cittis,</strong></span> <span class='ocrx_word' id='word_1_134' title='bbox 1308 2173 1373 2219; x_wconf 82' lang='lat' dir='ltr'><strong>uitia</strong></span> <span class='ocrx_word' id='word_1_135' title='bbox 1389 2172 1471 2228; x_wconf 61' lang='lat' dir='ltr'><strong>bonu,</strong></span> <span class='ocrx_word' id='word_1_136' title='bbox 1492 2171 1571 2234; x_wconf 80' lang='lat' dir='ltr'><strong>signi-</strong></span> 
     </span>
    </p>
   </div>
   <div class='ocr_carea' id='block_1_4' title="bbox 355 2246 1571 2314">
    <p class='ocr_par' dir='ltr' id='par_1_4' title="bbox 355 2246 1571 2314">
     <span class='ocr_line' id='line_1_18' title="bbox 355 2246 1571 2314; baseline 0.001 -17"><span class='ocrx_word' id='word_1_137' title='bbox 355 2306 356 2309; x_wconf 9' lang='lat'><em>*</em></span> <span class='ocrx_word' id='word_1_138' title='bbox 430 2250 490 2298; x_wconf 85' lang='lat' dir='ltr'><strong>vidi.</strong></span> <span class='ocrx_word' id='word_1_139' title='bbox 523 2250 579 2299; x_wconf 86' lang='lat' dir='ltr'><strong>Iam</strong></span> <span class='ocrx_word' id='word_1_140' title='bbox 587 2255 706 2314; x_wconf 74' lang='lat' dir='ltr'><strong>pluribus</strong></span> <span class='ocrx_word' id='word_1_141' title='bbox 718 2254 785 2301; x_wconf 80' lang='lat' dir='ltr'><strong>hiere</strong></span> <span class='ocrx_word' id='word_1_142' title='bbox 796 2251 923 2312; x_wconf 84' lang='lat' dir='ltr'><strong>ingratum</strong></span> <span class='ocrx_word' id='word_1_143' title='bbox 935 2255 980 2306; x_wconf 88' lang='lat' dir='ltr'><strong>est,</strong></span> <span class='ocrx_word' id='word_1_144' title='bbox 1020 2246 1077 2294; x_wconf 82' lang='lat' dir='ltr'><strong>ficet</strong></span> <span class='ocrx_word' id='word_1_145' title='bbox 1096 2255 1187 2311; x_wconf 81' lang='lat' dir='ltr'><strong>pensat</strong></span> <span class='ocrx_word' id='word_1_146' title='bbox 1212 2251 1279 2298; x_wconf 83' lang='lat' dir='ltr'><strong>vitia</strong></span> <span class='ocrx_word' id='word_1_147' title='bbox 1304 2265 1361 2299; x_wconf 89' lang='lat' dir='ltr'><strong>cum</strong></span> <span class='ocrx_word' id='word_1_148' title='bbox 1386 2251 1462 2298; x_wconf 74' lang='lat' dir='ltr'><strong>bouis.</strong></span> <span class='ocrx_word' id='word_1_149' title='bbox 1495 2247 1571 2298; x_wconf 80' lang='lat' dir='ltr'><strong>Com·</strong></span> 
     </span>
    </p>
   </div>
   <div class='ocr_carea' id='block_1_5' title="bbox 429 2328 1572 2710">
    <p class='ocr_par' dir='ltr' id='par_1_5' title="bbox 429 2328 1572 2710">
     <span class='ocr_line' id='line_1_19' title="bbox 430 2328 1571 2394; baseline 0 -17"><span class='ocrx_word' id='word_1_150' title='bbox 430 2329 489 2392; x_wconf 84' lang='lat' dir='ltr'><strong>quia</strong></span> <span class='ocrx_word' id='word_1_151' title='bbox 505 2331 625 2379; x_wconf 83' lang='lat' dir='ltr'><strong>antecedit</strong></span> <span class='ocrx_word' id='word_1_152' title='bbox 641 2333 725 2388; x_wconf 70' lang='lat' dir='ltr'><strong>uitiis,</strong></span> <span class='ocrx_word' id='word_1_153' title='bbox 743 2345 792 2394; x_wconf 89' lang='lat' dir='ltr'><strong>quo</strong></span> <span class='ocrx_word' id='word_1_154' title='bbox 807 2329 918 2393; x_wconf 83' lang='lat' dir='ltr'><strong>legentes</strong></span> <span class='ocrx_word' id='word_1_155' title='bbox 930 2330 981 2378; x_wconf 82' lang='lat' dir='ltr'><strong>fere</strong></span> <span class='ocrx_word' id='word_1_156' title='bbox 1020 2334 1157 2376; x_wconf 87' lang='lat' dir='ltr'><strong>mentator:</strong></span> <span class='ocrx_word' id='word_1_157' title='bbox 1184 2329 1292 2386; x_wconf 68' lang='lat' dir='ltr'><strong>,amicus</strong></span> <span class='ocrx_word' id='word_1_158' title='bbox 1317 2342 1392 2377; x_wconf 78' lang='lat' dir='ltr'><strong>verns</strong></span> <span class='ocrx_word' id='word_1_159' title='bbox 1416 2328 1489 2376; x_wconf 88' lang='lat' dir='ltr'><strong>debet</strong></span> <span class='ocrx_word' id='word_1_160' title='bbox 1513 2344 1571 2378; x_wconf 90' lang='lat' dir='ltr'><strong>mea</strong></span> 
     </span>
     <span class='ocr_line' id='line_1_20' title="bbox 430 2405 1571 2473; baseline 0 -16"><span class='ocrx_word' id='word_1_161' title='bbox 430 2408 503 2457; x_wconf 85' lang='lat' dir='ltr'><strong>inriti</strong></span> <span class='ocrx_word' id='word_1_162' title='bbox 528 2410 656 2458; x_wconf 82' lang='lat' dir='ltr'><strong>referimus</strong></span> <span class='ocrx_word' id='word_1_163' title='bbox 678 2424 758 2473; x_wconf 89' lang='lat' dir='ltr'><strong>neque</strong></span> <span class='ocrx_word' id='word_1_164' title='bbox 774 2412 814 2458; x_wconf 77' lang='lat' dir='ltr'><strong>tic</strong></span> <span class='ocrx_word' id='word_1_165' title='bbox 830 2424 927 2472; x_wconf 83' lang='lat' dir='ltr'><strong>semper</strong></span> <span class='ocrx_word' id='word_1_166' title='bbox 949 2410 981 2456; x_wconf 89' lang='lat' dir='ltr'><strong>ad</strong></span> <span class='ocrx_word' id='word_1_167' title='bbox 1021 2405 1083 2453; x_wconf 88' lang='lat' dir='ltr'><strong>vitia</strong></span> <span class='ocrx_word' id='word_1_168' title='bbox 1099 2420 1202 2468; x_wconf 83' lang='lat' dir='ltr'><strong>penssuc</strong></span> <span class='ocrx_word' id='word_1_169' title='bbox 1219 2422 1275 2456; x_wconf 88' lang='lat' dir='ltr'><strong>cum</strong></span> <span class='ocrx_word' id='word_1_170' title='bbox 1292 2407 1362 2455; x_wconf 84' lang='lat' dir='ltr'><strong>bonis</strong></span> <span class='ocrx_word' id='word_1_171' title='bbox 1380 2415 1404 2456; x_wconf 89' lang='lat' dir='ltr'><strong>et</strong></span> <span class='ocrx_word' id='word_1_172' title='bbox 1421 2407 1571 2470; x_wconf 87' lang='lat' dir='ltr'><strong>virtutibus;</strong></span> 
     </span>
     <span class='ocr_line' id='line_1_21' title="bbox 429 2485 1571 2552; baseline -0.001 -17"><span class='ocrx_word' id='word_1_173' title='bbox 429 2488 573 2549; x_wconf 83' lang='lat' dir='ltr'><strong>proximum</strong></span> <span class='ocrx_word' id='word_1_174' title='bbox 589 2489 771 2538; x_wconf 83' lang='lat' dir='ltr'><strong>substantivum</strong></span> <span class='ocrx_word' id='word_1_175' title='bbox 783 2490 896 2552; x_wconf 83' lang='lat' dir='ltr'><strong>pertinet.</strong></span> <span class='ocrx_word' id='word_1_176' title='bbox 920 2487 980 2538; x_wconf 84' lang='lat' dir='ltr'><strong>Sen-</strong></span> <span class='ocrx_word' id='word_1_177' title='bbox 1020 2491 1057 2544; x_wconf 84' lang='lat' dir='ltr'><strong>ct,</strong></span> <span class='ocrx_word' id='word_1_178' title='bbox 1074 2485 1095 2533; x_wconf 88' lang='lat' dir='ltr'><strong>si</strong></span> <span class='ocrx_word' id='word_1_179' title='bbox 1111 2486 1183 2548; x_wconf 90' lang='lat' dir='ltr'><strong>plura</strong></span> <span class='ocrx_word' id='word_1_180' title='bbox 1199 2487 1263 2536; x_wconf 91' lang='lat' dir='ltr'><strong>bona</strong></span> <span class='ocrx_word' id='word_1_181' title='bbox 1279 2487 1400 2546; x_wconf 87' lang='lat' dir='ltr'><strong>inveniat,</strong></span> <span class='ocrx_word' id='word_1_182' title='bbox 1422 2488 1454 2534; x_wconf 88' lang='lat' dir='ltr'><strong>ad</strong></span> <span class='ocrx_word' id='word_1_183' title='bbox 1470 2501 1501 2535; x_wconf 86' lang='lat' dir='ltr'><strong>ea</strong></span> <span class='ocrx_word' id='word_1_184' title='bbox 1516 2486 1571 2535; x_wconf 86' lang='lat' dir='ltr'><strong>lau-</strong></span> 
     </span>
     <span class='ocr_line' id='line_1_22' title="bbox 429 2565 1572 2630; baseline 0.001 -15"><span class='ocrx_word' id='word_1_185' title='bbox 429 2567 507 2616; x_wconf 86' lang='lat' dir='ltr'><strong>tentia</strong></span> <span class='ocrx_word' id='word_1_186' title='bbox 522 2574 607 2617; x_wconf 84' lang='lat' dir='ltr'><strong>tamen</strong></span> <span class='ocrx_word' id='word_1_187' title='bbox 621 2583 668 2618; x_wconf 86' lang='lat' dir='ltr'><strong>nes</strong></span> <span class='ocrx_word' id='word_1_188' title='bbox 684 2575 782 2627; x_wconf 88' lang='lat' dir='ltr'><strong>monet,</strong></span> <span class='ocrx_word' id='word_1_189' title='bbox 805 2574 832 2616; x_wconf 92' lang='lat' dir='ltr'><strong>ut</strong></span> <span class='ocrx_word' id='word_1_190' title='bbox 855 2569 922 2618; x_wconf 80' lang='lat' dir='ltr'><strong>bisce</strong></span> <span class='ocrx_word' id='word_1_191' title='bbox 942 2581 980 2616; x_wconf 89' lang='lat' dir='ltr'><strong>re·</strong></span> <span class='ocrx_word' id='word_1_192' title='bbox 1020 2566 1103 2613; x_wconf 89' lang='lat' dir='ltr'><strong>danda</strong></span> <span class='ocrx_word' id='word_1_193' title='bbox 1119 2565 1191 2614; x_wconf 87' lang='lat' dir='ltr'><strong>debet</strong></span> <span class='ocrx_word' id='word_1_194' title='bbox 1207 2579 1260 2614; x_wconf 89' lang='lat' dir='ltr'><strong>esse</strong></span> <span class='ocrx_word' id='word_1_195' title='bbox 1276 2567 1431 2629; x_wconf 87' lang='lat' dir='ltr'><strong>propensior,</strong></span> <span class='ocrx_word' id='word_1_196' title='bbox 1448 2579 1524 2630; x_wconf 79' lang='lat' dir='ltr'><strong>quam</strong></span> <span class='ocrx_word' id='word_1_197' title='bbox 1541 2569 1572 2616; x_wconf 85' lang='lat' dir='ltr'><strong>ad</strong></span> 
     </span>
     <span class='ocr_line' id='line_1_23' title="bbox 430 2643 1572 2710; baseline 0.002 -17"><span class='ocrx_word' id='word_1_198' title='bbox 430 2644 539 2694; x_wconf 85' lang='lat' dir='ltr'><strong>feramus</strong></span> <span class='ocrx_word' id='word_1_199' title='bbox 555 2647 586 2694; x_wconf 89' lang='lat' dir='ltr'><strong>ad</strong></span> <span class='ocrx_word' id='word_1_200' title='bbox 604 2649 674 2696; x_wconf 82' lang='lat' dir='ltr'><strong>boma.</strong></span> <span class='ocrx_word' id='word_1_201' title='bbox 708 2648 746 2696; x_wconf 81' lang='lat' dir='ltr'><strong>At</strong></span> <span class='ocrx_word' id='word_1_202' title='bbox 758 2647 878 2696; x_wconf 80' lang='lat' dir='ltr'><strong>Horatius</strong></span> <span class='ocrx_word' id='word_1_203' title='bbox 889 2647 981 2710; x_wconf 87' lang='lat' dir='ltr'><strong>petuis-</strong></span> <span class='ocrx_word' id='word_1_204' title='bbox 1021 2643 1183 2706; x_wconf 86' lang='lat' dir='ltr'><strong>vituperanda</strong></span> <span class='ocrx_word' id='word_1_205' title='bbox 1193 2643 1347 2708; x_wconf 56' lang='lat' dir='ltr'><strong>malmquee</strong></span> <span class='ocrx_word' id='word_1_206' title='bbox 1359 2651 1418 2694; x_wconf 91' lang='lat' dir='ltr'><strong>sunt</strong></span> <span class='ocrx_word' id='word_1_207' title='bbox 1429 2645 1572 2708; x_wconf 78' lang='lat' dir='ltr'><strong>pauciora“</strong></span> 
     </span>
    </p>
   </div>
   <div class='ocr_carea' id='block_1_6' title="bbox 357 2723 1572 2789">
    <p class='ocr_par' dir='ltr' id='par_1_6' title="bbox 357 2723 1572 2789">
     <span class='ocr_line' id='line_1_24' title="bbox 357 2723 1572 2789; baseline 0.002 -16"><span class='ocrx_word' id='word_1_208' title='bbox 357 2736 368 2751; x_wconf 61' lang='lat'>⁸</span> <span class='ocrx_word' id='word_1_209' title='bbox 430 2731 468 2773; x_wconf 81' lang='lat' dir='ltr'><strong>eet</strong></span> <span class='ocrx_word' id='word_1_210' title='bbox 478 2731 558 2774; x_wconf 84' lang='lat' dir='ltr'><strong>totum</strong></span> <span class='ocrx_word' id='word_1_211' title='bbox 569 2739 669 2774; x_wconf 84' lang='lat' dir='ltr'><strong>versum</strong></span> <span class='ocrx_word' id='word_1_212' title='bbox 679 2726 714 2774; x_wconf 85' lang='lat' dir='ltr'><strong>ita</strong></span> <span class='ocrx_word' id='word_1_213' title='bbox 724 2725 861 2788; x_wconf 88' lang='lat' dir='ltr'><strong>concipere,</strong></span> <span class='ocrx_word' id='word_1_214' title='bbox 873 2731 902 2773; x_wconf 89' lang='lat' dir='ltr'><strong>ut</strong></span> <span class='ocrx_word' id='word_1_215' title='bbox 912 2725 982 2772; x_wconf 89' lang='lat' dir='ltr'><strong>nulla</strong></span> <span class='ocrx_word' id='word_1_216' title='bbox 1021 2723 1090 2786; x_wconf 79' lang='lat' dir='ltr'><strong>Ergo</strong></span> <span class='ocrx_word' id='word_1_217' title='bbox 1112 2723 1161 2772; x_wconf 88' lang='lat' dir='ltr'><strong>ianr</strong></span> <span class='ocrx_word' id='word_1_218' title='bbox 1184 2725 1277 2789; x_wconf 88' lang='lat' dir='ltr'><strong>antiqui</strong></span> <span class='ocrx_word' id='word_1_219' title='bbox 1299 2725 1444 2788; x_wconf 86' lang='lat' dir='ltr'><strong>interpretes</strong></span> <span class='ocrx_word' id='word_1_220' title='bbox 1461 2727 1572 2776; x_wconf 81' lang='lat' dir='ltr'><strong>animad-</strong></span> 
     </span>
    </p>
   </div>
   <div class='ocr_carea' id='block_1_7' title="bbox 429 2801 1574 3498">
    <p class='ocr_par' dir='ltr' id='par_1_7' title="bbox 429 2801 1574 3498">
     <span class='ocr_line' id='line_1_25' title="bbox 430 2801 1573 2874; baseline 0.007 -25"><span class='ocrx_word' id='word_1_221' title='bbox 430 2801 579 2874; x_wconf 68' lang='lat' dir='ltr'><strong>obmuritate</strong></span> <span class='ocrx_word' id='word_1_222' title='bbox 598 2802 735 2852; x_wconf 82' lang='lat' dir='ltr'><strong>laboraret:</strong></span> <span class='ocrx_word' id='word_1_223' title='bbox 758 2804 906 2867; x_wconf 72' lang='lat' dir='ltr'><strong>Compensat</strong></span> <span class='ocrx_word' id='word_1_224' title='bbox 927 2821 982 2854; x_wconf 84' lang='lat' dir='ltr'><strong>mea</strong></span> <span class='ocrx_word' id='word_1_225' title='bbox 1021 2808 1150 2852; x_wconf 86' lang='lat' dir='ltr'><strong>verterunt</strong></span> <span class='ocrx_word' id='word_1_226' title='bbox 1174 2803 1306 2853; x_wconf 85' lang='lat' dir='ltr'><strong>discrimen</strong></span> <span class='ocrx_word' id='word_1_227' title='bbox 1326 2804 1391 2860; x_wconf 85' lang='lat' dir='ltr'><strong>inter</strong></span> <span class='ocrx_word' id='word_1_228' title='bbox 1413 2821 1573 2869; x_wconf 80' lang='lat' dir='ltr'><strong>compensare</strong></span> 
     </span>
     <span class='ocr_line' id='line_1_26' title="bbox 430 2882 1574 2944; baseline 0.006 -16"><span class='ocrx_word' id='word_1_229' title='bbox 430 2895 489 2928; x_wconf 86' lang='lat' dir='ltr'><strong>cum</strong></span> <span class='ocrx_word' id='word_1_230' title='bbox 505 2882 576 2929; x_wconf 78' lang='lat' dir='ltr'><strong>vitiis</strong></span> <span class='ocrx_word' id='word_1_231' title='bbox 595 2883 673 2938; x_wconf 74' lang='lat' dir='ltr'><strong>tara,</strong></span> <span class='ocrx_word' id='word_1_232' title='bbox 692 2883 818 2944; x_wconf 82' lang='lat' dir='ltr'><strong>pluraque</strong></span> <span class='ocrx_word' id='word_1_233' title='bbox 838 2882 892 2928; x_wconf 82' lang='lat' dir='ltr'><strong>aiut</strong></span> <span class='ocrx_word' id='word_1_234' title='bbox 914 2882 981 2930; x_wconf 76' lang='lat' dir='ltr'><strong>haec.</strong></span> <span class='ocrx_word' id='word_1_235' title='bbox 1021 2897 1074 2930; x_wconf 82' lang='lat' dir='ltr'><strong>reru</strong></span> <span class='ocrx_word' id='word_1_236' title='bbox 1095 2896 1152 2929; x_wconf 88' lang='lat' dir='ltr'><strong>cum</strong></span> <span class='ocrx_word' id='word_1_237' title='bbox 1171 2897 1213 2942; x_wconf 80' lang='lat' dir='ltr'><strong>re,</strong></span> <span class='ocrx_word' id='word_1_238' title='bbox 1235 2890 1259 2932; x_wconf 88' lang='lat' dir='ltr'><strong>et</strong></span> <span class='ocrx_word' id='word_1_239' title='bbox 1284 2898 1444 2944; x_wconf 78' lang='lat' dir='ltr'><strong>compensare</strong></span> <span class='ocrx_word' id='word_1_240' title='bbox 1464 2900 1517 2934; x_wconf 87' lang='lat' dir='ltr'><strong>rem</strong></span> <span class='ocrx_word' id='word_1_241' title='bbox 1539 2902 1574 2936; x_wconf 85' lang='lat' dir='ltr'><strong>re.</strong></span> 
     </span>
     <span class='ocr_line' id='line_1_27' title="bbox 430 2957 1574 3024; baseline 0.007 -18"><span class='ocrx_word' id='word_1_242' title='bbox 430 2957 463 3007; x_wconf 89' lang='lat' dir='ltr'><strong>In</strong></span> <span class='ocrx_word' id='word_1_243' title='bbox 486 2958 589 3022; x_wconf 80' lang='lat' dir='ltr'><strong>vulgato</strong></span> <span class='ocrx_word' id='word_1_244' title='bbox 602 2961 721 3022; x_wconf 77' lang='lat' dir='ltr'><strong>pluribus</strong></span> <span class='ocrx_word' id='word_1_245' title='bbox 736 2961 804 3009; x_wconf 75' lang='lat' dir='ltr'><strong>bisce</strong></span> <span class='ocrx_word' id='word_1_246' title='bbox 819 2965 879 3007; x_wconf 90' lang='lat' dir='ltr'><strong>sunt</strong></span> <span class='ocrx_word' id='word_1_247' title='bbox 895 2959 981 3008; x_wconf 87' lang='lat' dir='ltr'><strong>ablati-</strong></span> <span class='ocrx_word' id='word_1_248' title='bbox 1020 2959 1152 3010; x_wconf 88' lang='lat' dir='ltr'><strong>Herbstius</strong></span> <span class='ocrx_word' id='word_1_249' title='bbox 1169 2968 1242 3024; x_wconf 79' lang='lat' dir='ltr'><strong>urget</strong></span> <span class='ocrx_word' id='word_1_250' title='bbox 1258 2961 1304 3012; x_wconf 91' lang='lat' dir='ltr'><strong>hoc</strong></span> <span class='ocrx_word' id='word_1_251' title='bbox 1320 2961 1462 3021; x_wconf 84' lang='lat' dir='ltr'><strong>discrimen,</strong></span> <span class='ocrx_word' id='word_1_252' title='bbox 1479 2970 1508 3014; x_wconf 86' lang='lat' dir='ltr'><strong>ut</strong></span> <span class='ocrx_word' id='word_1_253' title='bbox 1530 2966 1574 3014; x_wconf 80' lang='lat' dir='ltr'><strong>de·</strong></span> 
     </span>
     <span class='ocr_line' id='line_1_28' title="bbox 431 3037 1573 3108; baseline 0.008 -25"><span class='ocrx_word' id='word_1_254' title='bbox 431 3051 477 3085; x_wconf 84' lang='lat' dir='ltr'><strong>vus</strong></span> <span class='ocrx_word' id='word_1_255' title='bbox 499 3037 637 3097; x_wconf 85' lang='lat' dir='ltr'><strong>absolutus,</strong></span> <span class='ocrx_word' id='word_1_256' title='bbox 654 3039 697 3102; x_wconf 88' lang='lat' dir='ltr'><strong>qni</strong></span> <span class='ocrx_word' id='word_1_257' title='bbox 712 3038 908 3101; x_wconf 87' lang='lat' dir='ltr'><strong>sicexplieatur:</strong></span> <span class='ocrx_word' id='word_1_258' title='bbox 924 3054 982 3088; x_wconf 86' lang='lat' dir='ltr'><strong>eum</strong></span> <span class='ocrx_word' id='word_1_259' title='bbox 1022 3039 1106 3088; x_wconf 73' lang='lat' dir='ltr'><strong>tendet</strong></span> <span class='ocrx_word' id='word_1_260' title='bbox 1122 3055 1178 3090; x_wconf 88' lang='lat' dir='ltr'><strong>cum</strong></span> <span class='ocrx_word' id='word_1_261' title='bbox 1195 3054 1248 3090; x_wconf 81' lang='lat' dir='ltr'><strong>esse</strong></span> <span class='ocrx_word' id='word_1_262' title='bbox 1269 3042 1482 3105; x_wconf 87' lang='lat' dir='ltr'><strong>praepositionem.</strong></span> <span class='ocrx_word' id='word_1_263' title='bbox 1516 3045 1573 3108; x_wconf 77' lang='lat' dir='ltr'><strong>Ege</strong></span> 
     </span>
     <span class='ocr_line' id='line_1_29' title="bbox 431 3117 1573 3180; baseline 0.007 -15"><span class='ocrx_word' id='word_1_264' title='bbox 431 3119 507 3176; x_wconf 79' lang='lat' dir='ltr'><strong>boma,</strong></span> <span class='ocrx_word' id='word_1_265' title='bbox 523 3119 546 3166; x_wconf 78' lang='lat' dir='ltr'><strong>ri</strong></span> <span class='ocrx_word' id='word_1_266' title='bbox 563 3120 627 3167; x_wconf 81' lang='lat' dir='ltr'><strong>baua</strong></span> <span class='ocrx_word' id='word_1_267' title='bbox 643 3119 703 3167; x_wconf 78' lang='lat' dir='ltr'><strong>baec</strong></span> <span class='ocrx_word' id='word_1_268' title='bbox 718 3120 771 3166; x_wconf 77' lang='lat' dir='ltr'><strong>aiat</strong></span> <span class='ocrx_word' id='word_1_269' title='bbox 786 3117 872 3180; x_wconf 81' lang='lat' dir='ltr'><strong>ptura.</strong></span> <span class='ocrx_word' id='word_1_270' title='bbox 900 3118 981 3180; x_wconf 83' lang='lat' dir='ltr'><strong>Quid,</strong></span> <span class='ocrx_word' id='word_1_271' title='bbox 1021 3119 1191 3168; x_wconf 84' lang='lat' dir='ltr'><strong>auctoritatem</strong></span> <span class='ocrx_word' id='word_1_272' title='bbox 1213 3120 1419 3179; x_wconf 75' lang='lat' dir='ltr'><strong>Scholiastarum,</strong></span> <span class='ocrx_word' id='word_1_273' title='bbox 1445 3122 1472 3170; x_wconf 91' lang='lat' dir='ltr'><strong>in</strong></span> <span class='ocrx_word' id='word_1_274' title='bbox 1489 3123 1573 3173; x_wconf 86' lang='lat' dir='ltr'><strong>buius-</strong></span> 
     </span>
     <span class='ocr_line' id='line_1_30' title="bbox 431 3196 1572 3264; baseline 0.005 -18"><span class='ocrx_word' id='word_1_275' title='bbox 431 3211 530 3259; x_wconf 87' lang='lat' dir='ltr'><strong>quaeso,</strong></span> <span class='ocrx_word' id='word_1_276' title='bbox 547 3196 614 3246; x_wconf 87' lang='lat' dir='ltr'><strong>aliud</strong></span> <span class='ocrx_word' id='word_1_277' title='bbox 625 3198 745 3261; x_wconf 68' lang='lat' dir='ltr'><strong>estquod</strong></span> <span class='ocrx_word' id='word_1_278' title='bbox 754 3198 982 3260; x_wconf 81' lang='lat' dir='ltr'><strong>sequitursimodo</strong></span> <span class='ocrx_word' id='word_1_279' title='bbox 1021 3199 1088 3247; x_wconf 87' lang='lat' dir='ltr'><strong>modi</strong></span> <span class='ocrx_word' id='word_1_280' title='bbox 1110 3199 1209 3263; x_wconf 90' lang='lat' dir='ltr'><strong>quidem</strong></span> <span class='ocrx_word' id='word_1_281' title='bbox 1232 3199 1319 3258; x_wconf 87' lang='lat' dir='ltr'><strong>rebus,</strong></span> <span class='ocrx_word' id='word_1_282' title='bbox 1340 3215 1391 3250; x_wconf 86' lang='lat' dir='ltr'><strong>uon</strong></span> <span class='ocrx_word' id='word_1_283' title='bbox 1411 3203 1482 3264; x_wconf 85' lang='lat' dir='ltr'><strong>parvi</strong></span> <span class='ocrx_word' id='word_1_284' title='bbox 1503 3203 1572 3253; x_wconf 85' lang='lat' dir='ltr'><strong>facio.</strong></span> 
     </span>
     <span class='ocr_line' id='line_1_31' title="bbox 429 3277 1571 3340; baseline 0.009 -17"><span class='ocrx_word' id='word_1_285' title='bbox 429 3277 509 3338; x_wconf 81' lang='lat' dir='ltr'><strong>plura</strong></span> <span class='ocrx_word' id='word_1_286' title='bbox 525 3278 588 3326; x_wconf 82' lang='lat' dir='ltr'><strong>mibi</strong></span> <span class='ocrx_word' id='word_1_287' title='bbox 604 3279 668 3326; x_wconf 82' lang='lat' dir='ltr'><strong>bona</strong></span> <span class='ocrx_word' id='word_1_288' title='bbox 683 3279 759 3325; x_wconf 75' lang='lat' dir='ltr'><strong>eunti</strong></span> <span class='ocrx_word' id='word_1_289' title='bbox 792 3277 917 3340; x_wconf 77' lang='lat' dir='ltr'><strong>Equidem</strong></span> <span class='ocrx_word' id='word_1_290' title='bbox 929 3291 980 3325; x_wconf 92' lang='lat' dir='ltr'><strong>om·</strong></span> <span class='ocrx_word' id='word_1_291' title='bbox 1022 3278 1125 3326; x_wconf 79' lang='lat' dir='ltr'><strong>Accedit</strong></span> <span class='ocrx_word' id='word_1_292' title='bbox 1140 3278 1208 3328; x_wconf 92' lang='lat' dir='ltr'><strong>locus</strong></span> <span class='ocrx_word' id='word_1_293' title='bbox 1230 3279 1313 3330; x_wconf 89' lang='lat' dir='ltr'><strong>Ovidii</strong></span> <span class='ocrx_word' id='word_1_294' title='bbox 1335 3281 1436 3330; x_wconf 88' lang='lat' dir='ltr'><strong>Heroid.</strong></span> <span class='ocrx_word' id='word_1_295' title='bbox 1458 3283 1509 3332; x_wconf 89' lang='lat'>111.</span> <span class='ocrx_word' id='word_1_296' title='bbox 1531 3285 1571 3333; x_wconf 81' lang='lat'><strong>51.</strong></span> 
     </span>
     <span class='ocr_line' id='line_1_32' title="bbox 431 3354 1571 3424; baseline 0.01 -22"><span class='ocrx_word' id='word_1_297' title='bbox 431 3354 475 3402; x_wconf 84' lang='lat' dir='ltr'><strong>nia</strong></span> <span class='ocrx_word' id='word_1_298' title='bbox 490 3370 506 3402; x_wconf 89' lang='lat' dir='ltr'><strong>a</strong></span> <span class='ocrx_word' id='word_1_299' title='bbox 521 3354 626 3404; x_wconf 86' lang='lat' dir='ltr'><strong>librariis</strong></span> <span class='ocrx_word' id='word_1_300' title='bbox 637 3354 711 3404; x_wconf 87' lang='lat' dir='ltr'><strong>valde</strong></span> <span class='ocrx_word' id='word_1_301' title='bbox 721 3363 836 3419; x_wconf 86' lang='lat' dir='ltr'><strong>corrupta</strong></span> <span class='ocrx_word' id='word_1_302' title='bbox 846 3365 913 3419; x_wconf 85' lang='lat' dir='ltr'><strong>puto.</strong></span> <span class='ocrx_word' id='word_1_303' title='bbox 932 3354 982 3419; x_wconf 93' lang='lat' dir='ltr'><strong>Op·</strong></span> <span class='ocrx_word' id='word_1_304' title='bbox 1025 3359 1072 3408; x_wconf 82' lang='lat' dir='ltr'><strong>Tot</strong></span> <span class='ocrx_word' id='word_1_305' title='bbox 1096 3363 1179 3408; x_wconf 84' lang='lat' dir='ltr'><strong>tamen</strong></span> <span class='ocrx_word' id='word_1_306' title='bbox 1201 3360 1302 3408; x_wconf 72' lang='lat' dir='ltr'><strong>amieria</strong></span> <span class='ocrx_word' id='word_1_307' title='bbox 1319 3365 1344 3408; x_wconf 82' lang='lat' dir='ltr'><strong>te</strong></span> <span class='ocrx_word' id='word_1_308' title='bbox 1359 3365 1571 3424; x_wconf 65' lang='lat' dir='ltr'><strong>commeravimus</strong></span> 
     </span>
     <span class='ocr_line' id='line_1_33' title="bbox 433 3433 1569 3498; baseline 0.013 -19"><span class='ocrx_word' id='word_1_309' title='bbox 433 3433 494 3481; x_wconf 85' lang='lat' dir='ltr'><strong>tima</strong></span> <span class='ocrx_word' id='word_1_310' title='bbox 510 3441 575 3483; x_wconf 86' lang='lat' dir='ltr'><strong>certe</strong></span> <span class='ocrx_word' id='word_1_311' title='bbox 591 3434 712 3484; x_wconf 83' lang='lat' dir='ltr'><strong>sententia</strong></span> <span class='ocrx_word' id='word_1_312' title='bbox 727 3435 850 3498; x_wconf 87' lang='lat' dir='ltr'><strong>prodiret,</strong></span> <span class='ocrx_word' id='word_1_313' title='bbox 872 3435 895 3484; x_wconf 92' lang='lat' dir='ltr'><strong>si</strong></span> <span class='ocrx_word' id='word_1_314' title='bbox 915 3435 981 3498; x_wconf 83' lang='lat' dir='ltr'><strong>lege·</strong></span> <span class='ocrx_word' id='word_1_315' title='bbox 1021 3452 1110 3496; x_wconf 79' lang='lat' dir='ltr'><strong>umuur,</strong></span> <span class='ocrx_word' id='word_1_316' title='bbox 1129 3438 1193 3498; x_wconf 87' lang='lat' dir='ltr'><strong>sive,</strong></span> <span class='ocrx_word' id='word_1_317' title='bbox 1211 3445 1240 3487; x_wconf 90' lang='lat' dir='ltr'><strong>ut</strong></span> <span class='ocrx_word' id='word_1_318' title='bbox 1255 3439 1374 3489; x_wconf 84' lang='lat' dir='ltr'><strong>Heinsius</strong></span> <span class='ocrx_word' id='word_1_319' title='bbox 1396 3441 1508 3492; x_wconf 81' lang='lat' dir='ltr'><strong>volebat:</strong></span> <span class='ocrx_word' id='word_1_320' title='bbox 1531 3450 1569 3494; x_wconf 75' lang='lat' dir='ltr'><strong>tot</strong></span> 
     </span>
    </p>
   </div>
   <div class='ocr_carea' id='block_1_8' title="bbox 432 3513 1671 3582">
    <p class='ocr_par' dir='ltr' id='par_1_8' title="bbox 432 3513 1671 3582">
     <span class='ocr_line' id='line_1_34' title="bbox 432 3513 1671 3582; baseline 0.011 -22"><span class='ocrx_word' id='word_1_321' title='bbox 432 3520 515 3561; x_wconf 89' lang='lat' dir='ltr'><strong>retur:</strong></span> <span class='ocrx_word' id='word_1_322' title='bbox 539 3513 604 3563; x_wconf 86' lang='lat' dir='ltr'><strong>Cum</strong></span> <span class='ocrx_word' id='word_1_323' title='bbox 625 3517 688 3563; x_wconf 79' lang='lat' dir='ltr'><strong>baria</strong></span> <span class='ocrx_word' id='word_1_324' title='bbox 708 3520 847 3576; x_wconf 75' lang='lat' dir='ltr'><strong>comperiret</strong></span> <span class='ocrx_word' id='word_1_325' title='bbox 862 3517 932 3564; x_wconf 68' lang='lat' dir='ltr'><strong>vitiis</strong></span> <span class='ocrx_word' id='word_1_326' title='bbox 949 3517 981 3565; x_wconf 81' lang='lat' dir='ltr'><strong>le-</strong></span> <span class='ocrx_word' id='word_1_327' title='bbox 1021 3521 1105 3566; x_wconf 79' lang='lat' dir='ltr'><strong>tamea</strong></span> <span class='ocrx_word' id='word_1_328' title='bbox 1126 3520 1226 3567; x_wconf 70' lang='lat' dir='ltr'><strong>amusos</strong></span> <span class='ocrx_word' id='word_1_329' title='bbox 1242 3525 1267 3568; x_wconf 85' lang='lat' dir='ltr'><strong>te</strong></span> <span class='ocrx_word' id='word_1_330' title='bbox 1282 3522 1497 3582; x_wconf 74' lang='lat' dir='ltr'><strong>compausaaimue</strong></span> <span class='ocrx_word' id='word_1_331' title='bbox 1512 3538 1568 3573; x_wconf 82' lang='lat' dir='ltr'><strong>uuo.</strong></span> <span class='ocrx_word' id='word_1_332' title='bbox 1670 3578 1671 3582; x_wconf 46' lang='lat'>,</span> 
     </span>
    </p>
   </div>
   <div class='ocr_carea' id='block_1_9' title="bbox 431 3591 1569 4528">
    <p class='ocr_par' dir='ltr' id='par_1_9' title="bbox 432 3591 1568 3736">
     <span class='ocr_line' id='line_1_35' title="bbox 432 3591 1568 3667; baseline 0.01 -27"><span class='ocrx_word' id='word_1_333' title='bbox 432 3593 557 3648; x_wconf 71' lang='lat' dir='ltr'><strong>uanam,</strong></span> <span class='ocrx_word' id='word_1_334' title='bbox 585 3594 651 3641; x_wconf 71' lang='lat' dir='ltr'><strong>aaa</strong></span> <span class='ocrx_word' id='word_1_335' title='bbox 685 3594 716 3641; x_wconf 75' lang='lat' dir='ltr'><strong>ss</strong></span> <span class='ocrx_word' id='word_1_336' title='bbox 740 3596 809 3642; x_wconf 77' lang='lat' dir='ltr'><strong>moro</strong></span> <span class='ocrx_word' id='word_1_337' title='bbox 825 3596 902 3667; x_wconf 62' lang='lat' dir='ltr'><strong>puga</strong></span> <span class='ocrx_word' id='word_1_338' title='bbox 919 3596 983 3643; x_wconf 73' lang='lat' dir='ltr'><strong>meaa</strong></span> <span class='ocrx_word' id='word_1_339' title='bbox 1022 3595 1126 3646; x_wconf 78' lang='lat' dir='ltr'><strong>Ovidius</strong></span> <span class='ocrx_word' id='word_1_340' title='bbox 1147 3597 1253 3646; x_wconf 74' lang='lat' dir='ltr'><strong>ararum</strong></span> <span class='ocrx_word' id='word_1_341' title='bbox 1274 3605 1358 3647; x_wconf 79' lang='lat' dir='ltr'><strong>urum</strong></span> <span class='ocrx_word' id='word_1_342' title='bbox 1383 3591 1508 3664; x_wconf 69' lang='lat' dir='ltr'><strong>afipsuse&#39;</strong></span> <span class='ocrx_word' id='word_1_343' title='bbox 1527 3604 1568 3651; x_wconf 75' lang='lat' dir='ltr'><strong>aa·</strong></span> 
     </span>
     <span class='ocr_line' id='line_1_36' title="bbox 432 3669 1079 3736; baseline 0.011 -18"><span class='ocrx_word' id='word_1_344' title='bbox 432 3671 496 3718; x_wconf 82' lang='lat' dir='ltr'><strong>borsa</strong></span> <span class='ocrx_word' id='word_1_345' title='bbox 511 3675 579 3717; x_wconf 83' lang='lat' dir='ltr'><strong>runt.</strong></span> <span class='ocrx_word' id='word_1_346' title='bbox 612 3669 857 3720; x_wconf 82' lang='lat' dir='ltr'><strong>Cumvitialeviera</strong></span> <span class='ocrx_word' id='word_1_347' title='bbox 867 3687 981 3736; x_wconf 89' lang='lat' dir='ltr'><strong>compen·</strong></span> <span class='ocrx_word' id='word_1_348' title='bbox 1021 3675 1079 3725; x_wconf 92' lang='lat' dir='ltr'><strong>buit.</strong></span> 
     </span>
    </p>

    <p class='ocr_par' dir='ltr' id='par_1_10' title="bbox 431 3747 1569 4528">
     <span class='ocr_line' id='line_1_37' title="bbox 433 3747 1568 3822; baseline 0.012 -27"><span class='ocrx_word' id='word_1_349' title='bbox 433 3754 471 3796; x_wconf 86' lang='lat' dir='ltr'><strong>set</strong></span> <span class='ocrx_word' id='word_1_350' title='bbox 487 3747 571 3806; x_wconf 91' lang='lat' dir='ltr'><strong>bonis,</strong></span> <span class='ocrx_word' id='word_1_351' title='bbox 597 3748 618 3796; x_wconf 84' lang='lat' dir='ltr'><strong>ei</strong></span> <span class='ocrx_word' id='word_1_352' title='bbox 643 3749 718 3796; x_wconf 91' lang='lat' dir='ltr'><strong>mode</strong></span> <span class='ocrx_word' id='word_1_353' title='bbox 742 3749 806 3798; x_wconf 87' lang='lat' dir='ltr'><strong>bona</strong></span> <span class='ocrx_word' id='word_1_354' title='bbox 829 3766 885 3800; x_wconf 91' lang='lat' dir='ltr'><strong>mea</strong></span> <span class='ocrx_word' id='word_1_355' title='bbox 910 3751 982 3814; x_wconf 84' lang='lat' dir='ltr'><strong>plura</strong></span> <span class='ocrx_word' id='word_1_356' title='bbox 1054 3755 1186 3805; x_wconf 82' lang='lat' dir='ltr'><strong>Caeterum</strong></span> <span class='ocrx_word' id='word_1_357' title='bbox 1212 3754 1300 3813; x_wconf 80' lang='lat' dir='ltr'><strong>verba,</strong></span> <span class='ocrx_word' id='word_1_358' title='bbox 1325 3758 1433 3806; x_wconf 84' lang='lat' dir='ltr'><strong>trutinae</strong></span> <span class='ocrx_word' id='word_1_359' title='bbox 1457 3761 1568 3822; x_wconf 81' lang='lat' dir='ltr'><strong>propria,</strong></span> 
     </span>
     <span class='ocr_line' id='line_1_38' title="bbox 433 3826 1568 3898; baseline 0.014 -25"><span class='ocrx_word' id='word_1_360' title='bbox 433 3833 505 3884; x_wconf 83' lang='lat' dir='ltr'><strong>sunt,</strong></span> <span class='ocrx_word' id='word_1_361' title='bbox 521 3839 597 3889; x_wconf 83' lang='lat' dir='ltr'><strong>quam</strong></span> <span class='ocrx_word' id='word_1_362' title='bbox 613 3826 673 3875; x_wconf 82' lang='lat' dir='ltr'><strong>talia</strong></span> <span class='ocrx_word' id='word_1_363' title='bbox 689 3827 757 3875; x_wconf 86' lang='lat' dir='ltr'><strong>vitia.</strong></span> <span class='ocrx_word' id='word_1_364' title='bbox 784 3830 846 3878; x_wconf 80' lang='lat' dir='ltr'><strong>Mea</strong></span> <span class='ocrx_word' id='word_1_365' title='bbox 855 3843 889 3877; x_wconf 86' lang='lat' dir='ltr'><strong>ex</strong></span> <span class='ocrx_word' id='word_1_366' title='bbox 900 3830 983 3893; x_wconf 82' lang='lat' dir='ltr'><strong>glossa</strong></span> <span class='ocrx_word' id='word_1_367' title='bbox 1020 3849 1092 3898; x_wconf 86' lang='lat' dir='ltr'><strong>saepe</strong></span> <span class='ocrx_word' id='word_1_368' title='bbox 1114 3837 1145 3884; x_wconf 81' lang='lat' dir='ltr'><strong>ad</strong></span> <span class='ocrx_word' id='word_1_369' title='bbox 1169 3836 1374 3898; x_wconf 79' lang='lat' dir='ltr'><strong>comparationem</strong></span> <span class='ocrx_word' id='word_1_370' title='bbox 1399 3839 1519 3888; x_wconf 84' lang='lat' dir='ltr'><strong>virtutum</strong></span> <span class='ocrx_word' id='word_1_371' title='bbox 1543 3847 1568 3890; x_wconf 91' lang='lat' dir='ltr'><strong>et</strong></span> 
     </span>
     <span class='ocr_line' id='line_1_39' title="bbox 433 3905 1566 3981; baseline 0.013 -28"><span class='ocrx_word' id='word_1_372' title='bbox 433 3911 524 3954; x_wconf 78' lang='lat' dir='ltr'><strong>ortum,</strong></span> <span class='ocrx_word' id='word_1_373' title='bbox 551 3905 610 3954; x_wconf 87' lang='lat' dir='ltr'><strong>Non</strong></span> <span class='ocrx_word' id='word_1_374' title='bbox 625 3920 687 3968; x_wconf 88' lang='lat' dir='ltr'><strong>opus</strong></span> <span class='ocrx_word' id='word_1_375' title='bbox 704 3907 982 3972; x_wconf 86' lang='lat' dir='ltr'><strong>eratistopronomine‚</strong></span> <span class='ocrx_word' id='word_1_376' title='bbox 1021 3913 1138 3963; x_wconf 88' lang='lat' dir='ltr'><strong>vitiorum</strong></span> <span class='ocrx_word' id='word_1_377' title='bbox 1159 3915 1350 3964; x_wconf 82' lang='lat' dir='ltr'><strong>transferuntur.</strong></span> <span class='ocrx_word' id='word_1_378' title='bbox 1384 3917 1439 3965; x_wconf 88' lang='lat' dir='ltr'><strong>Liv.</strong></span> <span class='ocrx_word' id='word_1_379' title='bbox 1461 3919 1566 3981; x_wconf 79' lang='lat' dir='ltr'><strong>Epitom.</strong></span> 
     </span>
     <span class='ocr_line' id='line_1_40' title="bbox 432 3984 1567 4049; baseline 0.014 -18"><span class='ocrx_word' id='word_1_380' title='bbox 432 3985 491 4048; x_wconf 87' lang='lat' dir='ltr'><strong>quia</strong></span> <span class='ocrx_word' id='word_1_381' title='bbox 501 3984 659 4049; x_wconf 85' lang='lat' dir='ltr'><strong>subiungitur</strong></span> <span class='ocrx_word' id='word_1_382' title='bbox 669 3987 732 4034; x_wconf 81' lang='lat' dir='ltr'><strong>miti</strong></span> <span class='ocrx_word' id='word_1_383' title='bbox 742 3991 880 4038; x_wconf 70' lang='lat' dir='ltr'><strong>anatomia.</strong></span> <span class='ocrx_word' id='word_1_384' title='bbox 898 3989 982 4046; x_wconf 92' lang='lat' dir='ltr'>PLU·</span> <span class='ocrx_word' id='word_1_385' title='bbox 1020 3993 1061 4043; x_wconf 86' lang='lat'><strong>80.</strong></span> <span class='ocrx_word' id='word_1_386' title='bbox 1097 3995 1178 4044; x_wconf 77' lang='lat' dir='ltr'><strong>Gaius</strong></span> <span class='ocrx_word' id='word_1_387' title='bbox 1203 3996 1227 4044; x_wconf 73' lang='grc' dir='ltr'><strong>εἰ</strong></span> <span class='ocrx_word' id='word_1_388' title='bbox 1247 3997 1423 4046; x_wconf 73' lang='lat' dir='ltr'><strong>examinentur</strong></span> <span class='ocrx_word' id='word_1_389' title='bbox 1444 4013 1500 4046; x_wconf 76' lang='lat' dir='ltr'><strong>mam</strong></span> <span class='ocrx_word' id='word_1_390' title='bbox 1516 4001 1567 4048; x_wconf 85' lang='lat' dir='ltr'><strong>eir-</strong></span> 
     </span>
     <span class='ocr_line' id='line_1_41' title="bbox 432 4063 1568 4140; baseline 0.011 -26"><span class='ocrx_word' id='word_1_391' title='bbox 432 4063 539 4116; x_wconf 85' lang='lat' dir='ltr'>RIBUS</span> <span class='ocrx_word' id='word_1_392' title='bbox 561 4072 586 4114; x_wconf 92' lang='lat' dir='ltr'><strong>et</strong></span> <span class='ocrx_word' id='word_1_393' title='bbox 606 4064 828 4118; x_wconf 78' lang='lat' dir='ltr'><strong>LEVIORIBUS</strong></span> <span class='ocrx_word' id='word_1_394' title='bbox 845 4083 921 4132; x_wconf 89' lang='lat' dir='ltr'><strong>quam</strong></span> <span class='ocrx_word' id='word_1_395' title='bbox 937 4085 984 4133; x_wconf 91' lang='lat' dir='ltr'><strong>pu·</strong></span> <span class='ocrx_word' id='word_1_396' title='bbox 1022 4074 1120 4122; x_wconf 68' lang='lat' dir='ltr'><strong>tutibus</strong></span> <span class='ocrx_word' id='word_1_397' title='bbox 1141 4074 1219 4132; x_wconf 80' lang='lat' dir='ltr'><strong>uitia,</strong></span> <span class='ocrx_word' id='word_1_398' title='bbox 1242 4074 1311 4122; x_wconf 83' lang='lat' dir='ltr'><strong>baud</strong></span> <span class='ocrx_word' id='word_1_399' title='bbox 1326 4074 1411 4137; x_wconf 79' lang='lat' dir='ltr'><strong>facile</strong></span> <span class='ocrx_word' id='word_1_400' title='bbox 1429 4077 1465 4124; x_wconf 77' lang='lat' dir='ltr'><strong>sit</strong></span> <span class='ocrx_word' id='word_1_401' title='bbox 1485 4079 1568 4140; x_wconf 79' lang='lat' dir='ltr'><strong>dictu,</strong></span> 
     </span>
     <span class='ocr_line' id='line_1_42' title="bbox 432 4142 1568 4216; baseline 0.011 -24"><span class='ocrx_word' id='word_1_402' title='bbox 432 4142 485 4194; x_wconf 90' lang='lat' dir='ltr'><strong>lum</strong></span> <span class='ocrx_word' id='word_1_403' title='bbox 511 4143 639 4202; x_wconf 84' lang='lat' dir='ltr'><strong>differant,</strong></span> <span class='ocrx_word' id='word_1_404' title='bbox 661 4144 743 4207; x_wconf 83' lang='lat' dir='ltr'><strong>quivis</strong></span> <span class='ocrx_word' id='word_1_405' title='bbox 765 4147 838 4196; x_wconf 80' lang='lat' dir='ltr'><strong>videt</strong></span> <span class='ocrx_word' id='word_1_406' title='bbox 875 4149 981 4197; x_wconf 80' lang='lat' dir='ltr'><strong>Leviora</strong></span> <span class='ocrx_word' id='word_1_407' title='bbox 1021 4154 1108 4198; x_wconf 82' lang='lat' dir='ltr'><strong>utrum</strong></span> <span class='ocrx_word' id='word_1_408' title='bbox 1125 4152 1187 4200; x_wconf 85' lang='lat' dir='ltr'><strong>bello</strong></span> <span class='ocrx_word' id='word_1_409' title='bbox 1203 4153 1302 4209; x_wconf 80' lang='lat' dir='ltr'><strong>melior,</strong></span> <span class='ocrx_word' id='word_1_410' title='bbox 1319 4167 1353 4200; x_wconf 86' lang='lat' dir='ltr'><strong>aa</strong></span> <span class='ocrx_word' id='word_1_411' title='bbox 1369 4168 1432 4215; x_wconf 80' lang='lat' dir='ltr'><strong>paee</strong></span> <span class='ocrx_word' id='word_1_412' title='bbox 1445 4157 1568 4216; x_wconf 77' lang='lat' dir='ltr'><strong>peruicio-</strong></span> 
     </span>
     <span class='ocr_line' id='line_1_43' title="bbox 431 4221 1568 4291; baseline 0.011 -20"><span class='ocrx_word' id='word_1_413' title='bbox 431 4221 696 4284; x_wconf 72' lang='lat' dir='ltr'><strong>sentillamede&#39;ocria,</strong></span> <span class='ocrx_word' id='word_1_414' title='bbox 707 4237 770 4287; x_wconf 85' lang='lat' dir='ltr'><strong>quae</strong></span> <span class='ocrx_word' id='word_1_415' title='bbox 780 4226 900 4275; x_wconf 85' lang='lat' dir='ltr'><strong>Horatius</strong></span> <span class='ocrx_word' id='word_1_416' title='bbox 911 4240 983 4290; x_wconf 86' lang='lat' dir='ltr'><strong>saepe</strong></span> <span class='ocrx_word' id='word_1_417' title='bbox 1020 4228 1175 4291; x_wconf 81' lang='lat' dir='ltr'><strong>eiarfuerit.</strong></span> <span class='ocrx_word' id='word_1_418' title='bbox 1211 4228 1277 4280; x_wconf 85' lang='lat' dir='ltr'><strong>Veli.</strong></span> <span class='ocrx_word' id='word_1_419' title='bbox 1294 4230 1391 4280; x_wconf 80' lang='lat' dir='ltr'><strong>Petere</strong></span> <span class='ocrx_word' id='word_1_420' title='bbox 1404 4231 1492 4286; x_wconf 76' lang='lat' dir='ltr'><strong>11.1a</strong></span> <span class='ocrx_word' id='word_1_421' title='bbox 1513 4235 1568 4285; x_wconf 85' lang='lat' dir='ltr'><strong>Ma-</strong></span> 
     </span>
     <span class='ocr_line' id='line_1_44' title="bbox 433 4301 1569 4372; baseline 0.014 -25"><span class='ocrx_word' id='word_1_422' title='bbox 433 4301 459 4348; x_wconf 87' lang='lat' dir='ltr'><strong>iu</strong></span> <span class='ocrx_word' id='word_1_423' title='bbox 475 4315 502 4349; x_wconf 90' lang='lat' dir='ltr'><strong>se</strong></span> <span class='ocrx_word' id='word_1_424' title='bbox 519 4301 643 4363; x_wconf 83' lang='lat' dir='ltr'><strong>agnoscit,</strong></span> <span class='ocrx_word' id='word_1_425' title='bbox 661 4303 733 4351; x_wconf 90' lang='lat' dir='ltr'><strong>utin</strong></span> <span class='ocrx_word' id='word_1_426' title='bbox 751 4302 825 4354; x_wconf 85' lang='lat' dir='ltr'><strong>Satir.</strong></span> <span class='ocrx_word' id='word_1_427' title='bbox 843 4306 982 4355; x_wconf 79' lang='lat' dir='ltr'>1.1v.130.</span> <span class='ocrx_word' id='word_1_428' title='bbox 1021 4306 1333 4358; x_wconf 76' lang='lat' dir='ltr'><strong>riusvideturbauamatie</strong></span> <span class='ocrx_word' id='word_1_429' title='bbox 1339 4324 1492 4372; x_wconf 72' lang='lat' dir='ltr'><strong>repensam.</strong></span> <span class='ocrx_word' id='word_1_430' title='bbox 1509 4312 1569 4364; x_wconf 84' lang='lat' dir='ltr'><strong>Sue·</strong></span> 
     </span>
     <span class='ocr_line' id='line_1_45' title="bbox 432 4381 1569 4456; baseline 0.012 -27"><span class='ocrx_word' id='word_1_431' title='bbox 432 4381 610 4441; x_wconf 77' lang='lat' dir='ltr'><strong>mediocribus,</strong></span> <span class='ocrx_word' id='word_1_432' title='bbox 625 4386 651 4430; x_wconf 82' lang='lat' dir='ltr'><strong>et</strong></span> <span class='ocrx_word' id='word_1_433' title='bbox 672 4383 730 4443; x_wconf 78' lang='lat' dir='ltr'><strong>quie</strong></span> <span class='ocrx_word' id='word_1_434' title='bbox 753 4384 887 4445; x_wconf 68' lang='lat' dir='ltr'><strong>leuctrae,</strong></span> <span class='ocrx_word' id='word_1_435' title='bbox 912 4386 983 4434; x_wconf 74' lang='lat' dir='ltr'><strong>vitiis</strong></span> <span class='ocrx_word' id='word_1_436' title='bbox 1021 4391 1072 4435; x_wconf 83' lang='lat' dir='ltr'><strong>ten.</strong></span> <span class='ocrx_word' id='word_1_437' title='bbox 1098 4385 1181 4436; x_wconf 78' lang='lat' dir='ltr'><strong>Tiber.</strong></span> <span class='ocrx_word' id='word_1_438' title='bbox 1206 4387 1246 4438; x_wconf 84' lang='lat'><strong>21.</strong></span> <span class='ocrx_word' id='word_1_439' title='bbox 1284 4389 1361 4437; x_wconf 73' lang='lat' dir='ltr'><strong>Variis</strong></span> <span class='ocrx_word' id='word_1_440' title='bbox 1385 4390 1569 4456; x_wconf 75' lang='lat' dir='ltr'><strong>uirtutibusque</strong></span> 
     </span>
     <span class='ocr_line' id='line_1_46' title="bbox 433 4460 1535 4528; baseline 0.013 -22"><span class='ocrx_word' id='word_1_441' title='bbox 433 4461 601 4508; x_wconf 82' lang='lat' dir='ltr'><strong>teneor-aie</strong></span> <span class='ocrx_word' id='word_1_442' title='bbox 617 4460 699 4508; x_wconf 75' lang='lat' dir='ltr'><strong>dulcia</strong></span> <span class='ocrx_word' id='word_1_443' title='bbox 715 4461 804 4510; x_wconf 77' lang='lat' dir='ltr'><strong>aruieie</strong></span> <span class='ocrx_word' id='word_1_444' title='bbox 832 4463 981 4512; x_wconf 73' lang='lat' dir='ltr'><strong>Occursum.</strong></span> <span class='ocrx_word' id='word_1_445' title='bbox 1020 4468 1162 4527; x_wconf 74' lang='lat' dir='ltr'><strong>perpenso,</strong></span> <span class='ocrx_word' id='word_1_446' title='bbox 1177 4468 1287 4528; x_wconf 82' lang='lat' dir='ltr'><strong>potiores</strong></span> <span class='ocrx_word' id='word_1_447' title='bbox 1303 4468 1405 4517; x_wconf 65' lang='lat' dir='ltr'><strong>dueum</strong></span> <span class='ocrx_word' id='word_1_448' title='bbox 1421 4471 1535 4521; x_wconf 79' lang='lat' dir='ltr'><strong>virtutes.</strong></span> 
     </span>
    </p>
   </div>
   <div class='ocr_carea' id='block_1_10' title="bbox 0 0 1777 5634">
    <p class='ocr_par' dir='ltr' id='par_1_11' title="bbox 0 0 1777 5634">
     <span class='ocr_line' id='line_1_47' title="bbox 0 0 1777 5634; baseline 0 0"><span class='ocrx_word' id='word_1_449' title='bbox 0 0 1777 5634; x_wconf 95' lang='lat' dir='ltr'><strong> </strong></span> 
     </span>
    </p>
   </div>
  </div>
 </body>
</html>
