3542 5634
372 567 374 574 ,
432 491 493 552 142
819 488 1168 556 serrantium

474 676 610 762 Accipe,
629 698 693 761 qua
716 676 841 740 ratione
864 698 962 761 queas
987 677 1151 743 ditescere.
1199 678 1323 744 Turdus

475 781 549 846 Sive
572 779 662 845 aliud
684 778 814 865 privum
830 779 968 847 :dabitur
992 780 1068 863 tibi,
1093 780 1222 847 devolet
1243 781 1340 865 illuc,

474 891 537 953 Res
561 884 618 951 ubi
640 905 761 969 magna
783 883 887 966 nitet,
910 883 1043 949 domino
1067 907 1160 950 sene:
1185 885 1294 951 dulcia
1315 908 1415 972 poma

473 993 519 1056 ut
542 987 866 1075 quoscumqueferet
888 988 997 1052 cultus
1022 988 1083 1054 tibi
1105 988 1226 1054 frmdus
1250 991 1405 1073 honores,

471 1097 560 1160 Ante
580 1093 706 1158 Larem}
716 1096 829 1176 gustet
849 1091 1064 1156 venerabilior
1081 1092 1163 1158 Lare
1184 1093 1291 1172 dives3

473 1197 537 1278 Qui
560 1194 709 1282 quamvis
731 1194 878 1279 periurus
903 1194 981 1277 erit,
1007 1195 1078 1260 sine
1099 1202 1213 1280 gente,
1238 1204 1390 1263 cruentus

473 1301 640 1386 Sanguine
662 1299 822 1381 fraterne,
846 1298 1026 1382 fugitivus,
1049 1321 1091 1363 ne
1114 1304 1221 1365 tamen
1244 1301 1295 1365 illi

470 1406 518 1469 Tu
541 1426 647 1470 comes
671 1402 824 1485 exterior,
849 1403 878 1468 si
901 1403 1060 1487 postulet,
1084 1403 1130 1467 ire
1153 1408 1314 1469 recuses“

472 1509 587 1591 „Utne
610 1511 720 1592 tegam
744 1527 859 1591 spurco
883 1505 1008 1571 Damae
1030 1505 1140 1570 latus?
1186 1505 1284 1571 Haud
1306 1506 1354 1571 ita
1376 1506 1489 1571 Troiae

472 1611 526 1675 Me
548 1609 653 1694 gessi,
678 1613 805 1674 certans
829 1631 955 1694 semper
977 1609 1201 1675 melioribus.“
1249 1611 1361 1695 „Ergo

472 1715 600 1799 Pauper
622 1713 719 1778 eris.“
767 1713 922 1796 „Fortem
946 1713 1006 1777 hoc
1029 1713 1178 1778 animum
1201 1713 1337 1778 tolerare
1359 1714 1493 1779 iubeboz

425 1870 492 1918 niam
507 1869 560 1917 sine
576 1868 651 1932 longa
676 1868 807 1916 verborum
823 1867 966 1916 diremtione
1040 1868 1129 1930 „Erpa
1155 1870 1261 1929 Pauper
1275 1870 1349 1916 eris.“
1374 1870 1494 1926 „Fortem
1510 1871 1559 1920 hoe

424 1956 594 2012 paupertatem
623 1948 793 2011 pertimescere
822 1955 847 1995 te
875 1947 964 1996 fateris.
1005 1950 1118 1996 animam
1135 1947 1243 1994 tolerare
1258 1947 1355 1994 iubebo:
1379 1947 1557 2008 thuoudam

424 2028 618 2076 Wustemannus
657 2029 738 2076 missis
763 2029 907 2090 amtaqitaa
923 2044 964 2091 pa-
1005 2027 1168 2074 maieratali.
1190 2026 1434 2087 Tuprotenusande.
1452 2025 1557 2076 simeo

424 2107 533 2155 renthesi
541 2106 651 2164 includit,
660 2113 685 2155 at
693 2107 821 2156 istaverba
829 2106 914 2154 tribuit
923 2107 965 2156 Ti·
1004 2103 1085 2152 facere
1102 2116 1153 2151 non
1169 2110 1251 2165 potes,
1276 2103 1336 2152 dicit
1361 2103 1483 2163 Tiresias,
1504 2108 1555 2156 eris

360 2203 362 2210 ’
422 2189 502 2238 resine
527 2188 617 2236 dicenti
625 2203 637 2235 :r
658 2193 689 2234 ut
705 2191 813 2234 'mittam
840 2189 965 2247 arribaqet,
1005 2198 1106 2246 pauper.
1132 2182 1236 2246 Ulysses
1252 2184 1395 2244 respondet:
1413 2184 1477 2242 ,sim
1493 2201 1556 2248 pau.

421 2267 481 2330 quia
497 2268 547 2315 iam
562 2267 642 2316 multa
657 2275 739 2314 tecum
754 2264 850 2313 locutus
864 2272 966 2319 sumet
1004 2278 1054 2326 per.
1089 2263 1186 2312 Maiora
1202 2262 1259 2321 tuli,
1282 2278 1358 2326 quam
1373 2273 1554 2328 paupertatem.

422 2353 519 2409 tempus
544 2353 624 2410 urget.
657 2344 806 2394 Doderlinus
829 2343 887 2392 facit
908 2358 964 2391 eum
1003 2345 1044 2392 Tu
1060 2350 1176 2406 protenus
1189 2343 1554 2399 dic‚undestruamdivitias.“

421 2425 578 2482 Heindorfio‚
600 2439 679 2487 neque
701 2423 776 2470 verba
793 2422 904 2471 Tiresiae
921 2423 964 2470 tri-
1003 2424 1062 2471 Non
1078 2421 1190 2484 intelligo
1206 2422 1280 2470 talem
1291 2423 1435 2472 orationem.
1463 2426 1499 2473 Et
1512 2434 1551 2474 ta-

421 2502 463 2550 bui
479 2517 549 2566 posse
566 2502 705 2561 arbitratur,
723 2502 782 2565 quia
797 2502 884 2564 Ulyssi
899 2501 963 2549 mul-
1003 2517 1061 2550 men
1077 2502 1142 2551 illud
1159 2503 1271 2550 antinum
1289 2503 1397 2551 tolerare
1412 2505 1497 2554 trebete
1507 2507 1553 2553 vix

420 2581 452 2628 tis
469 2582 611 2645 respondet,
629 2588 653 2629 et
670 2580 815 2643 ambagibus
834 2581 921 2640 utitur,
938 2597 962 2630 v.
1003 2581 1089 2630 referri
1111 2587 1192 2644 potest
1207 2581 1239 2628 sd
1261 2583 1330 2629 latus
1348 2585 1449 2631 Damae
1471 2589 1552 2646 tepen-

420 2675 440 2709 c.
457 2661 483 2708 in
500 2676 536 2708 vs.
554 2662 586 2708 55
603 2675 639 2722 sq.
656 2674 717 2722 quos
734 2661 769 2707 ita
785 2673 829 2721 per
846 2660 962 2720 ambages
1002 2663 1074 2719 dam,
1091 2667 1120 2707 ut
1136 2660 1240 2717 diceret,
1261 2661 1397 2708 secundum
1418 2661 1551 2712 Commen-

419 2740 568 2789 obscuritate
584 2739 697 2798 involvit,
713 2746 742 2786 ut
753 2739 858 2801 Ulysses
875 2749 962 2801 roget:
1002 2746 1116 2787 tutorem:
1135 2746 1196 2796 „ant
1212 2741 1367 2791 subeundum
1383 2741 1490 2791 dedecus
1500 2752 1550 2802 est,

421 2819 586 2882 Numfure'a,
603 2819 764 2881 depredans
780 2819 907 2877 ludicrae,
923 2821 960 2866 eb·
1001 2825 1044 2866 aut
1065 2818 1233 2881 amplectenda
1256 2819 1411 2882 pauperies.“
1456 2823 1486 2870 In
1509 2823 1549 2870 his

419 2914 495 2949 seura
510 2897 639 2948 canendo?
1002 2913 1159 2962 quoquenon
1170 2907 1207 2948 est
1218 2899 1358 2948 verosimile
1368 2900 1548 2964 Ulyssemtam

453 2981 557 3029 Turdus
582 2980 640 3028 Sive
655 2979 727 3027 aliud
740 2979 842 3040 privum
858 2980 962 3028 dabitm
1001 2979 1172 3031 cito.Tiresiae
1183 2979 1322 3027 concedere.
1355 2979 1476 3042 Nec‚qui
1485 2995 1547 3029 sem-

419 3060 473 3118 tt'di,
489 3043 583 3109 devolet
603 3059 670 3106 illuc.
705 3059 726 3106 Ι.
748 3057 837 3106 Douza
853 3060 884 3106 ad
902 3057 961 3108 Ovi·
1001 3073 1045 3121 per
1061 3059 1204 3108 melioribus
1220 3065 1349 3116 certasset,
1367 3059 1462 3108 maiora
1478 3062 1546 3109 dede-

418 3139 525 3188 diiArt.
543 3137 962 3201 II.169..Quiuetiamtardoqae
1000 3153 1059 3189 cora
1075 3141 1179 3187 tuimet.
1213 3137 1329 3200 Ulyssem
1345 3138 1447 3201 quidem
1463 3146 1488 3188 et
1503 3140 1547 3189 Ti·

418 3221 494 3275 lieet,
520 3219 643 3280 missaque
659 3218 783 3267 colonita.
821 3219 856 3266 Te
872 3233 959 3267 mme-
1000 3217 1090 3266 resiam
1105 3217 1184 3280 magis
1202 3218 1312 3266 deceret:
1335 3220 1423 3280 „Erpa
1440 3222 1547 3283 Pauper

417 3312 469 3345 rem
490 3299 603 3346 domim
626 3297 762 3360 testificare
786 3301 858 3344 tuae:
878 3296 960 3346 locum
998 3299 1073 3345 erte.“
1105 3299 1225 3355 „Fortem
1242 3299 1286 3346 hoe
1307 3299 1420 3346 animum
1437 3301 1547 3348 tolerare

417 3375 517 3424 Horatii
533 3374 617 3433 affert,
634 3382 659 3422 et
675 3375 770 3424 scribit:
792 3377 844 3426 sive
863 3379 961 3440 aliquid
998 3376 1108 3424 tutem
1140 3378 1196 3434 „Et
1217 3379 1342 3439 quondam
1358 3380 1455 3426 maiora
1472 3380 1544 3426 talie-

414 3457 517 3518 privam
541 3457 645 3503 dabitur
673 3457 727 3504 tibi.
770 3457 898 3516 Prudens,
926 3464 958 3506 an
997 3456 1043 3504 et‘·
1086 3458 1230 3513 „Protenas
1254 3458 1320 3504 unde
1343 3459 1396 3520 sq.⁴‘
1437 3456 1544 3506 'Iiresias

416 3533 570 3596 imprudens,
599 3533 694 3596 ignoro.
734 3533 783 3583 Sed
805 3550 855 3584 non
880 3537 958 3586 libens
997 3535 1113 3598 Ulyssem
1129 3540 1220 3592 tentat,
1242 3549 1274 3582 sn
1296 3549 1354 3584 vere
1373 3535 1409 3583 ita
1430 3535 1542 3593 sentiret,

419 3619 515 3660 mutem
540 3626 596 3659 eum
620 3614 698 3661 aliud.
725 3612 899 3676 comparanda
921 3625 958 3666 est
997 3621 1026 3662 ut
1042 3614 1205 3678 loquebatur,
1221 3615 1296 3677 probe
1312 3614 1402 3670 sciens,
1423 3629 1482 3664 eum
1497 3616 1540 3662 ad·

415 3693 716 3754 oratioPeriplectomenis
726 3695 791 3742 senis
803 3696 869 3757 apud
881 3695 957 3744 Plau·
996 3693 1045 3741 huc
1061 3694 1155 3756 pudore
1171 3695 1278 3757 quodem
1299 3695 1426 3758 impediri,
1447 3696 1541 3758 quomi-

415 3778 469 3818 tum
494 3772 520 3819 in
541 3769 597 3819 Mil.
624 3767 692 3820 Gldr.
714 3773 764 3822 111.
790 3788 808 3822 1.
836 3776 890 3825 lll.
920 3791 956 3839 sq.
996 3786 1043 3820 nus
1068 3774 1226 3822 assentiretur
1249 3775 1308 3823 rati
1342 3772 1440 3823 Callida
1466 3775 1541 3837 igitur

369 3873 372 3880 .
415 3864 488 3912 quem
510 3850 651 3899 huiusmodi
674 3859 737 3901 artes
760 3868 809 3901 non
835 3854 956 3905 latebant:
995 3855 1020 3897 et
1036 3850 1115 3900 iocose
1131 3852 1204 3900 dicit:
1238 3853 1339 3902 Durum
1355 3859 1432 3910 esset,
1450 3853 1539 3911 saiw,

415 3931 466 3978 Ille
486 3931 654 3978 miserrimum
674 3947 699 3980 se
720 3938 806 3991 retur,
824 3936 955 3984 minimam
994 3943 1084 3992 spurco
1099 3931 1196 3980 Damae
1211 3932 1276 3981 latus
1288 3940 1377 3995 tegere·
1401 3933 1472 3995 Ergo
1482 3948 1539 3996 peu·

412 4011 458 4072 qut
473 4011 543 4058 miste
559 4011 627 4058 mitt.
660 4013 791 4062 [retiner
815 4020 956 4064 enatant
995 4023 1039 4072 per
1059 4009 1115 4058 eris.
1158 4012 1280 4061 Tolerabo
1301 4012 1346 4060 hoc
1367 4011 1425 4060 forti
1446 4014 1538 4071 animo,

412 4089 489 4138 aaa.
507 4091 632 4152 Emtae
643 4106 736 4141 mecam
747 4096 862 4142 mosetto.-
880 4096 955 4144 Bona
995 4087 1074 4150 inquit
1089 4088 1200 4151 Ulysses.
1234 4092 1337 4149 Tolera,
1355 4094 1487 4154 respondet
1498 4093 1537 4141 Ti-

412 4183 467 4217 mea
482 4169 595 4218 a'nttane:
621 4173 738 4221 casatam
759 4175 823 4222 dona
848 4175 955 4223 meterent
994 4167 1077 4216 restas.
1111 4169 1313 4228 uaeramus,
1337 4187 1412 4234 qaam
1436 4187 1537 4237 pauper·

411 4251 436 4294 et
452 4263 564 4298 mewa.
588 4249 638 4299 Ubi
654 4250 748 4314 legam:
766 4255 954 4304 Benameae'n·
995 4252 1079 4296 tatem·
1114 4249 1202 4297 LaudO
1227 4250 1392 4300 fflsssiflsslistm
1414 4259 1494 4311 tuam,
1513 4259 1537 4299 ei

412 4325 503 4373 ttane:
523 4329 552 4376 ta
572 4333 688 4379 aetnam
713 4333 820 4380 mittunt
844 4335 909 4383 aona
929 4341 954 4384 et
994 4326 1285 4391 animimagnitudinem.
1302 4328 1473 4394 Ulysses.qui
1485 4345 1535 4393 spe·

411 4418 523 4455 munera.
540 4407 639 4470 Lipsius
650 4410 759 4474 legebat:
771 4415 889 4462 certatim
905 4430 952 4462 nu.
994 4413 1092 4453 raverat
1108 4406 1160 4456 fore
1176 4416 1205 4456 ut
1221 4409 1328 4457 Tiresias
1345 4409 1406 4465 alios
1417 4412 1501 4459 modos
1512 4417 1535 4458 et

411 4482 506 4530 trienne
522 4492 547 4533 et
564 4497 705 4538 munerant,
994 4491 1059 4532 artes
1074 4487 1110 4534 rei
1126 4489 1275 4550 reparandae
1286 4497 1467 4541 monstraturus
1479 4491 1534 4540 fuis-
