3542 5634
399 548 434 588 1v

398 712 455 769 bus
476 712 694 773 Hollandorum
718 715 848 772 inomni
870 724 936 773 arte
958 725 989 773 et
1009 716 1146 775 doctriua
1161 720 1330 795 conspicuis
1344 721 1528 778 absolvendo

397 836 477 875 mors
498 820 669 894 occupavit,
692 828 851 895 postquam
873 820 949 879 dnos
971 830 1002 879 st
1022 823 1215 899 septuaginta
1233 842 1330 882 annos
1352 826 1481 883 vixerat.

437 923 558 981 Tertius
580 926 758 996 amicorum,
781 924 860 983 binis
882 925 948 983 istis
965 928 1046 984 omui
1061 928 1207 986 virtutum
1220 948 1330 1004 genere
1346 950 1415 1006 par,
1430 932 1527 990 Abra·

396 1028 501 1086 hamus
522 1029 673 1101 Vriesius,
696 1040 856 1104 utrumque
878 1032 1007 1088 vivendo
1029 1032 1111 1089 vicit.

437 1134 536 1192 Natus
557 1136 773 1193 Amstelodami
795 1156 822 1193 a.
840 1136 868 1193 d.
891 1153 939 1193 xx
954 1136 1071 1213 Aprilis
1092 1154 1300 1212 uncctxxm,
1317 1160 1394 1217 puer
1413 1143 1524 1217 ingenii

395 1241 468 1298 mire
490 1241 608 1312 docilis,
632 1242 767 1300 eruditus
788 1242 1016 1318 disciplinarum
1036 1244 1210 1316 elementis,
1236 1248 1345 1320 quibua
1366 1248 1420 1305 illa
1441 1259 1524 1307 aetas

395 1346 594 1418 formabatur,
627 1358 743 1405 mature
776 1348 807 1405 in
840 1348 1039 1424 Gymnasium
1071 1350 1164 1407 venit.
1206 1349 1333 1410 Privato
1364 1354 1395 1410 in
1421 1353 1524 1428 lingua

395 1453 515 1513 Graeca
538 1462 566 1511 et
587 1454 697 1510 Latina
719 1463 916 1529 praeceptore
938 1456 1081 1512 utebatur
1105 1455 1199 1512 Petro
1213 1455 1434 1530 Nieuwlando,
1461 1460 1522 1532 qui,

395 1560 539 1616 educatus
560 1560 592 1616 in
614 1562 701 1617 domo
722 1559 900 1636 Hieronymi
921 1560 1057 1631 Boschii,
1078 1562 1192 1619 semina
1214 1570 1354 1633 naturae,
1378 1564 1417 1620 ad
1437 1565 1523 1621 mira·

393 1665 494 1722 culum
519 1664 580 1721 fere
607 1664 758 1736 fautricis,
785 1666 957 1723 incredibili
978 1666 1134 1723 celeritate
1161 1668 1201 1723 ad
1229 1669 1434 1726 maturitatem
1455 1689 1522 1744 per·

394 1770 490 1826 duxit.
532 1770 636 1840 Hunc,
666 1778 699 1826 ut
725 1778 830 1846 postea
858 1770 958 1827 Elium
983 1771 1087 1829 Annei
1118 1771 1139 1828 f.
1169 1772 1347 1847 Borgerum,
1376 1773 1522 1832 Neerlan·

393 1872 461 1932 diae
483 1884 514 1931 et
535 1875 717 1932 Academiae
739 1885 858 1932 nostrae
881 1885 999 1934 tantum
1021 1876 1179 1933 ostendere
1195 1875 1263 1933 Deo
1282 1878 1410 1953 placuit,
1432 1882 1522 1938 docu-

393 1990 506 2051 menta,
533 1999 620 2043 veras
641 1980 745 2037 laudes
767 1998 823 2036 nec
844 1998 938 2055 genus
960 1989 1138 2054 exspectare
1156 2001 1212 2039 nec
1234 2001 1344 2055 annoS,
1366 1992 1520 2060 tutamque

392 2085 497 2143 virtuti
523 2094 553 2142 et
578 2086 731 2161 praesenti
765 2095 795 2143 et
825 2103 864 2142 ex
891 2086 987 2143 oculis
1013 2088 1151 2145 sublatae
1179 2098 1316 2147 constare
1343 2092 1519 2149 mercedem.

335 2180 337 2187 ’
391 2192 565 2267 Principem
581 2192 612 2248 iu
630 2190 797 2268 Gymnasio
813 2191 912 2248 locum
930 2193 1054 2248 tenebat
1070 2192 1202 2250 Riobeus
1217 2193 1428 2267 Ommereuus,
1447 2199 1520 2255 mul·

391 2308 441 2355 tae
463 2299 514 2356 ille
534 2308 565 2355 et
586 2298 731 2371 elegantis
751 2297 920 2366 doctrinae,
937 2314 1052 2369 suaque
1067 2298 1245 2356 instituendi
1261 2309 1325 2357 arte
1341 2303 1519 2359 celebratus.

391 2402 427 2459 In
453 2402 513 2460 illis
535 2401 712 2475 temporibus
734 2400 915 2457 Neerlandia
935 2409 998 2457 erat
1012 2402 1107 2459 omnis
1122 2402 1217 2460 divisa
1231 2403 1261 2459 in
1277 2405 1350 2460 duas
1364 2404 1518 2476 factiones,

391 2526 480 2566 uuam
501 2506 714 2581 Orangiorum,
741 2508 864 2564 alteram
889 2506 1088 2565 Patriotarum
1108 2510 1202 2612 vulgo!
1218 2509 1406 2567 nominatam.
1449 2510 1519 2569 Om-

390 2632 524 2671 merenus
560 2623 695 2672 veterum
727 2615 853 2689 scripta,
893 2614 1069 2689 praesertim
1099 2620 1269 2688 poetarum,
1299 2615 1420 2673 Horatii
1449 2625 1517 2673 ante

390 2738 507 2791 omnes,
530 2720 572 2776 sic
594 2720 783 2795 explicabat,
806 2729 853 2792 ut,
877 2721 930 2794 qui
951 2720 1055 2789 domo,
1079 2719 1275 2793 popularibus
1297 2720 1432 2792 inimica,
1455 2715 1515 2779 non

388 2825 510 2883 afferret
531 2842 662 2882 amorem
683 2826 848 2896 libertatis,
869 2826 913 2883 ibi
934 2825 1107 2895 imbiberat,
1130 2824 1182 2882 alii
1204 2826 1299 2900 magis
1320 2827 1516 2885 incenderen-

387 2940 447 2987 tur.
490 2930 538 2986 Ex
560 2928 725 3004 Gymnasio
746 2930 865 2987 transiit
884 2930 916 2987 in
930 2931 1137 3000 Athenaeum,
1159 2928 1388 3005 Wyttenbachii
1402 2942 1433 2989 et
1452 2950 1516 2990 cae·

388 3042 520 3092 tororum
538 3035 694 3109 praeclara
715 3035 805 3091 laude
828 3035 999 3092 florentium
1021 3034 1153 3093 virorum
1181 3036 1321 3094 assiduus
1343 3039 1464 3096 auditor
1486 3047 1517 3095 et

388 3142 561 3217 discipulus.
608 3140 669 3200 Sua
695 3149 725 3197 et
750 3149 909 3216 parentum
936 3141 1092 3197 voluntate
1120 3140 1288 3198 destinatus
1315 3142 1514 3218 Theologiae‚

387 3265 477 3321 quam
503 3255 585 3303 secta
613 3246 920 3321 Teleiobaptistarnm
947 3245 1120 3319 profitetur,
1154 3245 1320 3321 legitimum
1349 3248 1515 3305 studiorum

386 3354 444 3412 iter
464 3353 526 3411 fere
548 3372 701 3424 emensus,
724 3355 815 3410 rebus
836 3371 868 3409 as
890 3352 1030 3409 civilibus
1052 3352 1222 3410 immiscuit.

427 3460 511 3517 Idem
539 3458 636 3516 fecere
663 3458 767 3529 multi,
796 3477 870 3532 quos
900 3458 930 3515 in
960 3457 1063 3515 schola
1091 3456 1269 3516 Ommerena
1294 3456 1514 3532 condiscipulos

386 3564 501 3621 babuit.
529 3564 673 3637 Plerique
690 3582 825 3635 cursum,
841 3563 933 3620 semel
949 3563 1090 3638 petitum,
1106 3562 1309 3633 retinuerunt,
1325 3562 1419 3637 gestis
1433 3560 1516 3618 dein·

386 3688 456 3744 ceps
476 3668 641 3726 honoribus
661 3668 809 3739 illustres,
832 3676 902 3742 post
916 3667 1047 3725 reditum
1063 3685 1182 3740 quoque
1197 3667 1296 3741 gentis
1310 3667 1512 3735 Arausiacae,

385 3795 453 3833 cum
478 3775 644 3831 discordiae
672 3792 796 3849 prorsus
825 3780 926 3830 essent
954 3774 1132 3829 exstinctae.
1179 3768 1248 3843 Qua
1277 3772 1307 3827 in
1334 3789 1367 3827 re
1394 3771 1512 3845 egregie

385 3883 534 3939 communi
559 3880 675 3958 patriae
709 3879 944 3936 cousuluerunt.
974 3877 1114 3935 Vriesius
1132 3877 1218 3933 brevi
1234 3885 1392 3951 expertus,
1414 3876 1447 3932 iu
1460 3876 1514 3933 illo

384 3988 481 4064 primo
501 3986 667 4044 animorum
688 3982 794 4041 ardore
815 3984 914 4040 locum
928 3982 1107 4058 prudentiae
1122 3990 1154 4039 et
1166 3980 1363 4039 moderationi
1378 3980 1430 4036 vix
1445 3998 1510 4037 esse

384 4094 534 4163 relictum,
557 4110 699 4165 suamque
722 4099 860 4147 naturam
880 4091 979 4146 minus
1001 4072 1103 4165 aptam
1123 4088 1258 4153 theatro,
1284 4088 1365 4179 qupd
1387 4086 1511 4143 libidine

383 4198 460 4255 levis
478 4198 582 4273 populi
604 4205 634 4254 et
655 4196 795 4263 fluctibus
817 4196 1007 4266 concionum,
1031 4204 1183 4267 tamquam
1205 4212 1287 4251 mare
1309 4193 1423 4264 ventis,
1447 4210 1512 4267 per·

384 4311 474 4379 petuo
496 4303 674 4379 agitaretur,
697 4302 783 4359 brevi
805 4301 843 4357 ad
860 4319 915 4358 sua
929 4300 1029 4357 studia
1044 4300 1142 4357 rediit.
1163 4300 1234 4375 [pse
1249 4298 1365 4367 nullum
1379 4315 1512 4371 unquam

384 4410 465 4484 apud
486 4426 532 4465 me
554 4409 680 4466 verbum
701 4407 737 4463 de
759 4407 817 4463 isto
831 4414 966 4481 tempore
981 4404 1063 4463 fecit.
1089 4401 1206 4463 Caussa
1220 4413 1335 4473 tamen,
1358 4421 1412 4461 cur
1431 4410 1510 4459 tace·

384 4521 441 4585 ret,
464 4514 548 4571 nulla
568 4513 689 4570 omnino
711 4512 842 4569 suberat.
885 4511 983 4568 Miror
996 4511 1072 4568 adeo
1087 4519 1118 4568 et
1131 4511 1208 4568 alios
1222 4510 1405 4567 excellentes
1419 4508 1510 4578 viros,
