3542 5634
384 514 423 575 12
773 509 1124 576 SATIRARUM

339 696 342 701 ’
426 698 475 763 Ut
498 696 725 760 Nomentanus
733 697 770 757 ?“
819 692 934 777 Pergis
957 692 1143 777 pugnantia
1167 714 1277 758 secum

427 799 605 866 Frontibus
629 796 773 862 adversis
797 817 999 881 componere.
1046 795 1122 860 Non
1146 818 1222 881 ego,
1246 818 1381 861 avarum

381 949 412 999 G.
424 950 520 999 11120.
530 951 648 999 etEstreo
659 950 685 997 in
696 948 927 1011 Prosopographeia
966 962 1022 995 nens
1049 948 1178 995 Inmlsam
1194 947 1338 1010 eisarnam
1356 948 1448 995 deutra
1465 949 1512 996 lae-

381 1029 532 1089 Horatiana,
549 1028 612 1076 nihil
621 1030 653 1076 ad
662 1027 840 1091 expediendam
852 1028 927 1076 huius
967 1043 1046 1089 eaque
1060 1029 1167 1075 tenebat.
1193 1025 1246 1075 Ubi
1254 1025 1438 1088 clytemnestra
1449 1025 1512 1089 figu-

381 1107 430 1155 loci
439 1106 611 1155 difficultatem
623 1106 763 1170 profeceris.
790 1106 927 1168 Nunquam
967 1113 1021 1154 rate
1038 1105 1183 1168 appellatur.
1206 1106 1228 1153 Ι.
1238 1104 1349 1154 Clericus
1363 1104 1512 1153 coniecerat:

381 1186 406 1233 id
416 1184 550 1243 efficies,ut
559 1187 722 1248 Tyndaridae
731 1190 756 1233 et
767 1186 928 1247 Tyndarides
967 1186 1056 1233 diuisit
1080 1186 1188 1233 medium
1205 1184 1351 1246 fortissima
1379 1185 1514 1245 Tyndaris.

381 1265 430 1313 sint
446 1266 544 1324 eadem;
570 1270 595 1313 et
616 1264 757 1312 Falsterum
780 1264 806 1310 in
827 1262 927 1311 nomine
968 1265 1072 1311 Horum
1099 1265 1170 1323 Quid
1180 1264 1214 1311 mi
1224 1264 1304 1325 ipitur
1317 1264 1412 1311 suades.
1438 1262 1513 1309 Bent-

381 1344 595 1404 Eamolpidarnm
611 1342 748 1404 significan
762 1342 865 1390 feminas
882 1356 926 1405 pu·
966 1342 1029 1390 leius
1055 1341 1180 1391 Clericum
1204 1341 1307 1400 refutat,
1329 1342 1453 1389 condonet
1477 1340 1514 1388 illi

380 1428 489 1479 tantem,
514 1421 633 1470 refutavit
657 1422 779 1470 Ernestus
803 1422 830 1468 in
854 1421 927 1469 Actis
961 1421 1110 1483 fortissima
1130 1422 1271 1483 Tyndaris,
1288 1422 1354 1483 quod
1366 1427 1450 1468 tamen
1463 1434 1513 1468 non

380 1500 562 1564 Lipsiensibus;
585 1501 628 1563 qui
645 1500 685 1548 vel
702 1500 747 1548 hoc
763 1514 842 1547 unum
858 1498 927 1546 suffi-
967 1514 1019 1547 una
1035 1500 1066 1547 de
1079 1513 1167 1547 caussa
1179 1498 1332 1562 displicebat;
1349 1499 1392 1547 sed
1405 1513 1513 1561 praeser-

381 1594 436 1629 cere
453 1580 577 1628 iudicabat
588 1584 777 1641 argumentum,
789 1579 809 1626 si
822 1577 927 1626 feminae
968 1578 1014 1626 tim
1030 1578 1133 1636 refutat,
1155 1578 1215 1641 quia
1234 1577 1346 1626 Naevius
1363 1584 1388 1625 et
1404 1578 1513 1627 Nomen·

381 1659 496 1717 linerent,
513 1658 645 1706 dicendum
663 1657 738 1705 fuisse
754 1658 927 1718 Eumolpidas,
968 1665 1041 1705 tanus
1056 1663 1115 1705 sunt
1128 1664 1236 1720 nepotes,
1250 1658 1378 1718 quievero
1387 1658 1513 1707 Ummidio

380 1751 432 1784 non
449 1737 626 1797 Eumolpidae.
658 1734 686 1785 si
707 1736 785 1796 igitur
800 1736 926 1797 Tyndari·
968 1744 1133 1799 opponuntur.
1167 1735 1221 1785 Cur
1238 1736 1352 1784 Bentleio
1367 1738 1513 1799 fortissima

381 1819 472 1865 darum
494 1819 532 1861 est
552 1827 642 1861 manus
663 1813 762 1875 po'e'tae,
779 1826 858 1875 genus
876 1828 928 1863 ma·
971 1817 1102 1878 Tyndaris
1119 1814 1283 1877 displicuerit,
1303 1828 1354 1862 uon
1372 1813 1514 1877 explicavit.

381 1894 504 1942 sculinum
530 1892 702 1954 Tyndaridae,
728 1891 774 1939 filii
801 1892 928 1955 Tyndari,
968 1893 1056 1955 Neque
1073 1892 1512 1956 intelligo,curdisplioerepotnerit.

381 1972 456 2021 simul
476 1987 554 2035 genus
576 1971 722 2020 femininum
743 1972 871 2035 complecti
888 1975 928 2023 de·
968 1972 1046 2021 Recte
1061 1972 1129 2020 enim
1148 1974 1276 2035 Tyndaris
1291 1972 1437 2035 appellatur,
1449 1987 1514 2034 quae

381 2051 480 2101 bebunt.
502 2052 538 2100 Et
554 2051 600 2099 hoc
615 2050 743 2099 Bentleius
760 2053 929 2101 demonstrare
969 2050 1038 2107 fecit,
1063 2053 1129 2114 quod
1151 2052 1264 2114 Tyndari
1289 2066 1348 2099 vera
1372 2050 1425 2098 filia
1444 2051 1513 2108 fecit,

381 2138 482 2179 conatus
494 2138 537 2179 est.
550 2129 622 2190 Quod
631 2129 825 2194 exAnthologia
834 2131 930 2181 Graeca
968 2130 1086 2179 maritum
1103 2131 1202 2189 oceidit,
1225 2136 1254 2178 ut
1276 2130 1303 2177 in
1321 2129 1442 2178 Iuvenale
1457 2130 1513 2178 telis

321 2248 322 2251 ,
381 2209 477 2269 attulit,
494 2225 584 2273 parum
601 2210 683 2258 valet:
706 2210 729 2259 oi
747 2214 813 2273 τρεῖς
830 2210 928 2259 Tavia·
968 2209 1057 2257 mulier
1073 2208 1211 2272 appellatur
1228 2207 1418 2269 clytemnestra.
1448 2209 1514 2257 Nae·

379 2288 447 2352 pidas
476 2287 600 2351 Κάστωρ,
629 2285 728 2347 Ἑλένη,
754 2287 928 2346 Πολυδεύκης,
968 2286 1024 2333 vius
1041 2292 1123 2334 autem
1144 2292 1169 2334 et
1184 2286 1356 2335 Nomentanus
1373 2293 1444 2334 erant
1458 2301 1513 2349 pro·

381 2368 416 2416 sie
433 2368 562 2416 coniuncte
577 2381 628 2415 non
644 2367 784 2425 offendunt,
804 2372 833 2413 ut
848 2380 928 2428 neque
968 2365 1034 2426 digi,
1050 2365 1175 2413 sedulius
1192 2363 1241 2411 alio
1257 2364 1343 2422 modo,
1360 2363 1402 2411 ille
1417 2380 1514 2427 vappa,

380 2448 475 2495 Latine
503 2446 655 2495 offenderent
686 2446 789 2503 Castor,
816 2446 928 2504 Helena,
968 2443 1008 2491 hic
1031 2446 1126 2493 nebulo.
1159 2443 1275 2491 Fortasse
1299 2442 1372 2505 plura
1396 2443 1436 2491 hic
1456 2453 1515 2493 suut

383 2526 490 2583 Pollux,
513 2530 563 2574 tres
574 2525 744 2587 Tyndaridae.
776 2522 837 2573 Alia
853 2524 928 2572 Bent·
967 2530 1090 2585 corrupta,
1107 2537 1170 2585 quae
1186 2523 1222 2570 sic
1234 2523 1380 2585 corrigenda
1392 2537 1513 2585 propono:

381 2603 424 2652 lcii
441 2602 555 2666 exempla
569 2602 643 2650 etiam
658 2602 740 2649 minus
753 2600 842 2649 valent.
869 2600 928 2664 Cly·
968 2608 1010 2651 nst
1032 2603 1098 2651 bunc
1115 2603 1206 2651 liberta
1227 2604 1310 2650 securi
1340 2603 1441 2651 Dimisit
1466 2619 1514 2651 me·

383 2689 558 2740 temnestram,
574 2697 625 2730 non
639 2682 729 2729 additis
737 2680 842 2729 fratrum
850 2679 929 2727 nomi·
968 2682 1053 2737 diam,
1075 2681 1222 2743 fortissima
1243 2682 1377 2743 Tyndaris.
1415 2682 1514 2729 Herum

383 2763 468 2819 uibus,
485 2759 604 2823 appellari
620 2774 695 2806 unam
713 2759 929 2821 Tyndaridarum,
974 2761 1069 2808 Utrum
1084 2760 1164 2822 iyitur
1180 2761 1275 2816 suades,
1292 2765 1322 2808 ut
1333 2762 1430 2809 vivam?
1450 2762 1515 2809 Nae·

383 2842 434 2890 iam
463 2840 555 2887 mirum
584 2845 627 2887 est.
671 2836 738 2897 Quid
756 2835 929 2898 fortissimam
969 2839 1038 2898 vius,
1055 2854 1089 2886 an
1104 2829 1140 2887 sic
1162 2840 1200 2889 Ut
1209 2837 1395 2888 Nomentanus?
1420 2838 1514 2888 Sinon

387 2919 609 2982 Tyndaridarum?
651 2915 722 2963 Vera
746 2913 932 2977 clytemnestra
970 2917 1008 2965 vis
1024 2932 1065 2965 me
1081 2931 1134 2965 esse
1150 2930 1268 2977 avarum,
1285 2925 1309 2966 et
1325 2918 1441 2981 exemplo
1453 2919 1513 2968 Um·

384 2998 427 3045 vix
445 2997 479 3044 ita
495 2994 690 3058 significaretur,
709 2995 801 3042 nedum
818 2993 883 3052 ficta,
900 2994 929 3041 li·
969 2996 1044 3045 midii
1060 2998 1179 3053 deterres,
1205 3004 1289 3045 utrum
1313 2995 1391 3059 igitur
1411 2996 1514 3053 horam,

383 3075 491 3132 bertine,
520 3074 598 3122 altera
628 3072 818 3136 clytemnestra.
861 3073 931 3121 Haec
968 3075 1092 3125 Naevium
1105 3090 1138 3125 an
1146 3076 1439 3125 Nomentanumvivam?
1456 3077 1515 3125 Mu·

384 3161 437 3202 erat
452 3154 586 3202 fortissima
604 3154 744 3215 Tyndaris,
761 3166 811 3200 non
829 3153 930 3213 Tynda·
969 3162 1021 3204 tara
1042 3156 1236 3212 construetione,
1258 3156 1322 3203 dixit
1344 3157 1380 3203 ,ἦρ
1401 3160 1431 3203 ut
1448 3158 1515 3203 Nae.

277 3239 282 3243 '
383 3235 513 3289 ridarum,
534 3246 614 3294 neque
634 3232 822 3292 Tyndaridem,
839 3230 930 3291 quippe
969 3235 1032 3281 ains.
1064 3237 1181 3297 Aliquem
1202 3237 1270 3291 vieo,
1300 3241 1337 3281 est
1353 3234 1412 3282 vivo
1437 3234 1515 3281 vitem

384 3328 435 3361 non
455 3326 488 3361 ex
510 3324 599 3373 genere
620 3308 748 3371 Tyndari,
770 3308 796 3355 in
813 3322 862 3369 quo
878 3308 931 3356 sola
969 3310 1087 3370 alicuius,
1104 3319 1133 3361 ut
1149 3312 1250 3362 Sueten.
1267 3314 1361 3362 Domit.
1381 3313 1418 3360 12.
1435 3315 1516 3362 vivae

385 3390 568 3453 clytemnestra
585 3388 653 3437 fortis
667 3387 930 3435 fuitadoocidendum
970 3390 1049 3439 eitam
1067 3393 1210 3441 Iudaicam.
1235 3392 1348 3442 Iuvenal.
1367 3392 1441 3442 satir.
1451 3392 1515 3441 XII.

385 3471 510 3518 maritum.
537 3468 565 3518 Si
574 3481 664 3516 nomen
672 3466 875 3529 Tyndaridarum
888 3480 930 3514 ex·
973 3469 1026 3520 127.
1057 3472 1134 3519 Vivat
1150 3473 1289 3531 Pacuvius,
1304 3486 1401 3534 ynaesa
1417 3474 1515 3521 velNe·

384 3550 484 3596 tendere
501 3547 577 3604 velis,
599 3554 623 3595 et
645 3546 758 3596 Orestem
774 3560 885 3607 quoque,
907 3552 932 3593 et
970 3553 1041 3596 stara
1058 3554 1144 3599 tutans.
1178 3549 1267 3598 Boith.
1284 3551 1315 3597 de
1332 3548 1516 3598 Consentes.

385 3628 476 3674 sociam
498 3626 657 3674 consiliorum
679 3638 789 3672 sororem
805 3622 931 3671 Electram
971 3624 1019 3674 IV.
1045 3626 1153 3676 Proui.
1180 3628 1267 3690 Seynis
1283 3643 1313 3677 aa
1329 3630 1448 3688 stupidus
1465 3634 1516 3677 ter·

385 3704 599 3767 comprehendere,
616 3702 766 3764 comparatio
781 3716 832 3750 non
845 3709 932 3750 exacta
969 3707 1028 3766 pet?
1056 3708 1127 3753 Viuit
1143 3707 1252 3754 annuns
1290 3705 1365 3754 Talia
1386 3704 1437 3755 fere
1457 3714 1516 3756 sunt

386 3791 457 3833 esset.
489 3783 556 3831 Nam
574 3780 674 3830 Orestes
691 3787 716 3828 et
731 3794 801 3829 soror
818 3780 931 3829 fortiores
971 3784 1362 3846 vieersBascbanalia,saitare
1375 3785 1517 3849 Cyclopem,

386 3864 467 3920 fuere,
489 3862 532 3925 qui
553 3866 658 3908 matrem
676 3858 848 3909 interfecerint.
882 3862 932 3911 Hie
971 3863 1096 3912 balbutire
1118 3864 1257 3921 Scaurum,
1282 3863 1344 3912 alia:
1366 3870 1454 3912 utrum
1476 3867 1516 3915 iro·

385 3948 513 4005 praeterea
528 3940 613 3987 caedes
630 3937 713 3985 mariti
725 3938 865 4001 requiritur.
882 3939 931 3987 La·
971 3955 1041 3999 rum,
1052 3948 1082 3989 ut
1098 3939 1174 3989 Satir.
1184 3940 1221 3988 II.
1238 3955 1267 3989 11.
1276 3942 1318 3989 64.
1346 3943 1426 4000 Quali
1436 3945 1518 4005 ipitur

386 4021 468 4069 tinum
494 4018 520 4065 in
545 4018 591 4065 hac
615 4030 703 4065 caussa
727 4023 765 4064 est
782 4017 932 4079 fortissima
971 4019 1041 4068 vieta
1054 4020 1156 4081 sapiens
1172 4020 1309 4067 uteturiet
1322 4021 1411 4069 borum
1421 4023 1517 4070 Utrum

286 4088 289 4095 ’
390 4100 527 4163 Tyndaris.
553 4096 736 4159 clytemnestra
746 4101 784 4144 est
794 4096 932 4159 Tyndaris.
971 4098 1129 4146 imitabitur?
1162 4097 1243 4159 Epist.
1252 4097 1273 4146 I.
1283 4111 1353 4147 xvu.
1364 4099 1401 4148 16.
1424 4100 1518 4149 Utrias

386 4178 479 4228 Seneca
502 4178 597 4239 Agim.
613 4175 671 4227 sot.
714 4177 809 4224 Armet
832 4178 933 4239 bipenni
972 4177 1060 4224 borum
1077 4178 1159 4225 Verba
1168 4178 1258 4237 probes
1271 4177 1381 4239 etfacta
1394 4180 1458 4227 doce.

388 4259 516 4320 Tyndaris
541 4258 658 4305 dentram
675 4255 778 4318 furens.
818 4254 931 4303 Iuveual
1005 4257 1064 4304 Nan
1079 4270 1122 4318 eya
1136 4271 1244 4304 auarum
1269 4256 1334 4304 Cum
1348 4259 1517 4320 oetatefieri,

387 4335 604 4409 SatiraVI3bbb.
628 4332 707 4383 Mane
719 4333 932 4396 clytemnestram
972 4348 1082 4394 vappam
1102 4334 1171 4382 nubea
1187 4349 1217 4383 ac
1237 4335 1388 4382 nebulonem.
1427 4337 1518 4398 Vappa

386 4416 473 4463 nuilus
493 4428 543 4462 non
563 4414 633 4462 uisus
656 4414 761 4461 babebd.
796 4414 855 4461 Hoc
875 4418 931 4461 tan·
972 4417 997 4459 et
1020 4413 1108 4461 nebule
1131 4412 1255 4461 differunt,
1295 4414 1393 4474 Vappa,
1411 4413 1517 4476 simplex

387 4500 441 4541 turn
457 4493 549 4557 reteri,
567 4494 632 4555 qaod
645 4493 773 4553 Tyndaris
790 4492 836 4540 iila
848 4492 931 4553 bipen·
971 4497 996 4539 et
1012 4490 1121 4554 ineptus,
1142 4494 1231 4541 nabide
1251 4491 1381 4553 impudens
1403 4497 1428 4537 et
1448 4492 1518 4540 mali·
