3542 5634
670 502 854 568 LIBER
902 503 925 567 Ι.

646 727 863 793 SATIRA
910 730 947 793 V.

315 881 500 980 Egressum
525 916 646 979 magna
669 917 722 959 me
744 895 872 979 excepit
895 894 1007 959 Aricia
1030 894 1136 959 Roma

272 998 427 1085 Hospitio
450 997 596 1062 modico:
620 998 730 1063 rhetor
753 1020 861 1063 comes
885 997 1101 1080 Heliodorus,

270 1102 469 1169 Graecorum
492 1101 590 1185 longe
614 1100 834 1166 doctissimus.
881 1101 964 1166 Inde
986 1100 1093 1166 forum
1116 1101 1224 1187 Appi,

271 1205 446 1270 Differtum
470 1203 598 1286 nautis,
623 1204 825 1288 cauponibus
850 1208 948 1289 atque
971 1204 1136 1289 malignis.

185 1381 192 1390 ¹
270 1309 343 1373 Hoc
366 1306 429 1372 iter
452 1306 564 1391 ignavi
588 1305 778 1389 divisimus,
803 1293 904 1372 altius
928 1329 965 1372 ac
988 1328 1048 1372 nos

269 1410 469 1477 Praecinctis
493 1432 606 1475 unum.
655 1409 767 1476 Minus
791 1415 842 1475 est
863 1410 974 1495 gravis
998 1410 1109 1496 Appia
1132 1411 1242 1476 tardis.

156 1574 161 1584 .
269 1515 334 1580 Hic
357 1537 418 1600 ego
441 1518 574 1599 propter
596 1535 732 1600 aquam,
757 1514 845 1600 quod
868 1520 938 1580 erat
961 1515 1152 1599 deterrima,
1177 1517 1284 1582 ventri

269 1616 383 1682 Indico
406 1617 552 1699 bellum,
576 1622 750 1682 coenantes
774 1617 863 1682 haud
885 1617 997 1683 animo
1021 1639 1123 1703 aequo

267 1721 473 1805 Exspectans
497 1705 643 1784 comites.
692 1720 763 1784 Iam
787 1741 854 1785 nox
877 1720 1032 1786 inducere
1056 1720 1149 1786 terris

266 1824 409 1889 Umbras
433 1829 467 1888 et
489 1823 579 1887 coelo
602 1822 785 1888 diffundere
808 1824 905 1909 signa
928 1825 1072 1909 parabat.

265 1927 348 1992 ’11111
370 1926 464 2012 pueri
486 1927 614 2010 nautis,
638 1927 747 2012 pueris
771 1927 918 1993 convicia
940 1933 1060 1993 nautae

266 2030 434 2114 Ingerere:
460 2029 561 2113 „Huc
584 2031 728 2115 appelle!
774 2031 945 2096 Trecentos
969 2031 1102 2096 inseris!
1149 2030 1220 2097 Ohe

266 2133 338 2197 Iam
361 2133 442 2198 satis
467 2133 559 2198 estl“
606 2132 697 2197 Dum
721 2155 775 2199 aes
800 2132 963 2217 exigitur,
988 2133 1068 2198 dum
1090 2133 1182 2198 mula
1204 2133 1343 2218 ligatur,

263 2235 346 2300 Tota
369 2235 440 2300 abit
461 2236 558 2301 hora:
583 2235 664 2300 111111
687 2235 808 2301 culices
831 2257 994 2321 ranaeque
1015 2235 1178 2321 palustres

263 2338 430 2404 Avertunt
453 2360 605 2417 somnos;
629 2340 801 2405 absentem
823 2344 862 2404 ut
885 2343 998 2404 cantat
1020 2339 1160 2405 amicam

265 2443 374 2508 Multa
395 2443 547 2529 prolutus
570 2465 678 2528 vappa
701 2448 804 2509 nauta
827 2449 926 2528 atque
949 2443 1054 2509 viator

265 2544 433 2611 Certatim.
481 2546 624 2611 Tandem
647 2546 755 2618 fessus
778 2547 920 2612 dormire
943 2546 1049 2612 viator

265 2647 401 2733 Incipit,
426 2671 463 2714 ao
486 2649 608 2715 missae
630 2655 764 2735 pastum
786 2649 969 2716 retinacula
990 2649 1100 2715 mulae

263 2749 374 2816 Nauta
395 2751 488 2838 piger
511 2774 590 2817 saxo
613 2752 750 2838 religat,
774 2753 949 2839 stertitque
974 2753 1121 2839 supinus.

264 2854 399 2940 Iamque
422 2855 492 2920 dies
516 2855 645 2938 aderat,
669 2856 718 2919 nil
742 2878 844 2941 quum
866 2857 1038 2942 procedere
1060 2856 1193 2921 lintrem

264 2957 451 3040 Sentimus,
476 2957 578 3022 donec
601 2959 787 3024 cerebrosus
810 2960 943 3044 prosilit
966 2982 1051 3026 unus

261 3059 311 3125 Ac
335 3059 445 3124 mulae
467 3066 652 3145 nautaeque
675 3066 775 3146 caput
796 3061 992 3146 lumbosque
1016 3062 1144 3146 saligno

262 3161 367 3226 Fuste
390 3162 499 3240 dolat3
524 3167 640 3249 quarta
661 3163 718 3228 vix
740 3164 874 3229 demum
898 3164 1092 3250 exponimur
1115 3165 1203 3229 hora.

265 3263 332 3330 Ora
354 3287 537 3352 manusque
561 3272 619 3332 tua
641 3267 802 3351 lavimus,
828 3268 985 3351 Feronia,
1009 3268 1153 3354 lympha.

264 3367 374 3432 Millia
397 3375 468 3434 tum
491 3369 605 3454 pransi
633 3369 697 3435 1111
719 3371 864 3456 repimus
889 3376 987 3456 atque
1011 3370 1159 3436 subimus

263 3471 461 3556 Impositum
486 3472 574 3538 saxis
598 3473 665 3537 late
688 3472 903 3538 candentibus
927 3472 1052 3537 Anxur.

224 3595 228 3604 ·
264 3573 338 3639 Huc
361 3579 518 3640 venturus
542 3580 612 3641 erat
636 3576 808 3640 Maecenas
832 3575 977 3661 optimus
1001 3580 1099 3661 atque

390 3803 528 3853 SATIRA
556 3803 582 3850 v
804 3773 885 3838 Culig.
912 3777 952 3824 50.
994 3776 1113 3825 Horatius
1142 3775 1224 3824 minus
1252 3775 1355 3824 obscure

584 3839 590 3851 ⁴
804 3855 952 3918 scripsisset:
973 3862 1163 3918 commercarere
1186 3857 1255 3904 band
1272 3858 1356 3906 nntnso

254 3895 408 3985 Conantes
424 3935 496 3983 band
511 3934 684 3995 animoseque
708 3934 763 3980 Ee·
804 3949 882 3996 nequo
899 3935 1027 3996 Exspecto
1043 3936 1163 3984 comitem.

103 4005 122 4020 '
215 4016 333 4074 spectans
356 4015 466 4062 comites.
507 4013 571 4060 Erat
598 4026 662 4060 unus
686 4025 765 4061 comm
838 4014 973 4062 Absentem
998 4017 1029 4060 nt
1053 4017 1142 4061 cantat
1168 4013 1283 4060 amicam.
1323 4010 1354 4058 In

216 4088 373 4140 Heliodorus.
412 4090 509 4141 Suntne
531 4090 645 4148 comites,
672 4089 716 4154 qui
738 4091 765 4138 in
804 4090 898 4140 multis·
915 4091 991 4142 MSS.
1018 4091 1125 4154 legitur:
1151 4092 1276 4139 absentem
1296 4104 1355 4139 enn-

215 4169 302 4218 esdem
319 4170 380 4217 navi
396 4171 495 4219 Fanum
511 4170 632 4219 Feroniae
643 4168 765 4232 proficisci
805 4175 846 4218 tat
873 4171 988 4219 nmmum.
1025 4170 1081 4218 Hoc
1108 4161 1155 4231 e'go
1183 4168 1273 4216 melius
1301 4182 1354 4216 esse

215 4245 373 4309 cogitabant?
406 4247 496 4299 Servos
517 4248 617 4311 quidem
637 4249 705 4298 haud
721 4249 765 4296 diu
804 4247 894 4296 iudico.
929 4245 1016 4298 Oratio
1043 4261 1087 4310 per
1114 4247 1234 4308 asyndeta
1250 4246 1354 4296 celerius

216 4326 301 4374 animo
317 4327 403 4390 iniquo
420 4334 597 4390 exspectasset:
618 4332 765 4390 exspectare
804 4326 921 4389 procedit.
955 4345 957 4352 ·

215 4406 282 4454 euim
304 4407 429 4470 signifieat
453 4407 588 4456 identidem
612 4407 764 4470 prospicere,
838 4405 990 4455 Doderlinus
1011 4406 1077 4454 idem
1098 4414 1194 4465 censet,
1212 4413 1286 4469 etque
1303 4407 1353 4455 edi·

215 4499 248 4533 en
276 4487 397 4535 venirent.
422 4502 446 4536 v.
475 4485 577 4536 Ruhnk.
603 4486 634 4533 ad
659 4485 762 4535 Sueton.
804 4487 841 4534 dit
861 4487 985 4535 absentem
1001 4490 1090 4534 cantat
1107 4486 1221 4534 nmmum.

1199 4568 1219 4628 4
