3542 5634
435 498 497 562 152
821 487 1169 554 SATIRARUM

481 677 694 764 Principium.
742 678 866 742 Romae
889 695 1077 761 sponsorem
1100 696 1154 739 me
1175 675 1284 760 rapis:
1309 680 1396 762 „llic

480 783 531 848 Ne
552 782 642 868 prior
663 781 768 848 officio
791 780 965 866 quisquam
987 777 1197 862 respondeat,
1221 802 1302 866 urge
1312 782 1345 847 l“

480 885 556 954 Sive
578 884 688 971 aquilo
710 883 797 950 radit
820 888 941 964 terres,
965 902 1023 946 seu
1045 881 1161 946 bruma
1181 882 1325 950 nivalem

478 990 635 1056 Interiore
658 988 746 1054 diem
767 1008 848 1074 gyro
871 984 991 1068 trehit,
1014 984 1061 1050 ire
1083 1006 1214 1051 necesse
1237 992 1296 1053 est

479 1094 673 1177 Postmodo,
698 1092 785 1178 quod
806 1093 853 1156 mi
876 1090 979 1173 obsit,
1003 1090 1088 1155 clere
1111 1091 1299 1178 certumque
1321 1095 1432 1162 locuto

478 1197 686 1264 Luctendum
708 1196 744 1260 in
766 1196 863 1261 turbs
885 1198 919 1259 et
940 1193 1089 1259 facienda
1111 1193 1232 1260 iniuria
1253 1197 1366 1264 tertiis.

476 1301 588 1386 „Quid
610 1303 679 1387 vis,
702 1303 834 1383 insane,
857 1305 995 1384 stenes
1017 1320 1068 1364 res
1091 1298 1210 1384 egis?“
1234 1300 1402 1386 improbus
1425 1313 1523 1393 urget

477 1406 574 1471 iratis
598 1406 766 1493 precibus3
792 1409 852 1488 „tu
874 1403 985 1488 pulses
1009 1424 1121 1485 omne,
1146 1402 1233 1488 quod
1256 1406 1385 1490 obstat,

474 1509 530 1575 Ad
551 1511 774 1576 Maecenatem
796 1505 933 1572 memori
955 1505 985 1572 si
1007 1511 1117 1571 mente
1138 1511 1323 1575 recurrss?“

475 1612 548 1679 Hoc
570 1613 663 1679 iuvat
685 1618 719 1677 et
739 1609 832 1677 melli
855 1613 923 1693 est,
946 1630 1013 1673 non
1041 1608 1190 1674 mentiar.
1237 1611 1285 1676 At
1307 1611 1408 1678 simul
1430 1620 1521 1683 atras

474 1715 620 1782 Ventum
642 1722 694 1783 est
716 1713 902 1802 Esquilias,
926 1713 1034 1778 aliene
1056 1713 1189 1798 negotiu
1211 1721 1344 1781 centum

476 1819 539 1886 Per
561 1825 659 1907 ceput
681 1826 715 1886 et
733 1820 818 1887 circs
841 1818 966 1884 saliunt
987 1816 1084 1882 letus.
1133 1818 1245 1901 „Ante
1267 1821 1444 1886 secundam

475 1924 613 1990 Roscius
636 1926 750 1991 orabat
774 1923 837 1990 sibi
860 1924 991 1989 adesses
1018 1922 1061 1987 sd
1084 1922 1200 1988 Puteal
1223 1946 1302 1990 cras.

473 2026 524 2092 De
545 2049 580 2094 re
602 2027 770 2094 communi
792 2026 916 2093 scribae
937 2047 1059 2110 magua
1080 2030 1178 2110 atque
1201 2047 1286 2092 nova
1309 2033 1342 2093 te

475 2128 621 2197 Orsbent
642 2131 739 2198 hodie
762 2130 988 2212 meminisses,
1014 2128 1152 2212 Quinte,
1175 2130 1302 2196 reverti

427 2276 490 2336 pore
502 2287 576 2336 opere
592 2288 677 2323 rursus
695 2280 844 2337 repeterent,
862 2273 971 2320 eosdem·
1012 2273 1096 2320 auteur
1112 2273 1265 2335 turcandum
1280 2280 1319 2322 est
1334 2277 1363 2323 is
1378 2276 1429 2324 via.
1445 2275 1519 2324 Idem
1534 2277 1561 2325 iu

427 2364 475 2414 qne
491 2350 586 2401 labores
603 2361 711 2402 stouras
722 2352 902 2417 experirentur.
919 2353 971 2400 Ho
1012 2348 1097 2399 Sticho
1113 2350 1150 2400 11.
1167 2364 1186 2400 1.
1205 2353 1242 2402 12
1260 2356 1321 2416 Ape,
1332 2355 1464 2415 utpluset,
1475 2370 1558 2413 curre,

426 2429 505 2479 mines
526 2445 577 2480 non
599 2431 648 2480 slis
668 2433 807 2486 conditione
828 2432 879 2481 usti
905 2438 971 2478 sunt.
1012 2434 1043 2476 ut
1057 2429 1136 2485 lubet,
1152 2445 1371 2494 eaceqsemqrsam
1383 2431 1560 2495 flmfeeoeis.

426 2509 486 2559 Non
510 2511 669 2575 interpreter,
697 2511 744 2560 hoe
771 2512 820 2562 Dis
850 2511 970 2576 placitum
1014 2505 1114 2556 Cubitis
1135 2509 1239 2570 depulso
1259 2511 1289 2558 de
1312 2512 1366 2567 rio,
1391 2511 1560 2573 tranquillam

426 2587 513 2648 fuisse,
529 2599 558 2640 ut
582 2593 665 2640 Ianus
678 2597 742 2640 esset
761 2590 832 2640 Deus
847 2593 971 2639 matutini
1010 2587 1130 2636 cmsdmre
1146 2589 1221 2637 ciant
1249 2588 1300 2638 Ubi
1316 2590 1411 2638 sdieots
1427 2597 1465 2638 est
1481 2605 1559 2639 anno-

426 2671 556 2732 temporis,
580 2671 645 2733 quod
665 2669 745 2718 voluit
770 2667 969 2719 commentator:
1009 2663 1071 2712 tatio
1097 2665 1231 2729 scaligeri:
1256 2670 1417 2733 „Perurpere
1441 2676 1480 2718 est
1502 2685 1558 2733 per-

425 2755 470 2807 „ut
480 2755 509 2798 tn
519 2749 553 2798 sis
564 2749 759 2813 incipiendorum
767 2763 851 2798 rerum
860 2753 969 2797 auetor.“
1010 2757 1125 2806 rumpere
1142 2745 1253 2806 turbam,
1270 2747 1558 2814 certissimumque

462 2829 541 2889 Uraet
573 2830 658 2877 Irotis
666 2831 792 2891 precibus.
821 2828 913 2879 Omnis
931 2845 968 2879 re
1013 2823 1133 2872 Horatius
1150 2824 1187 2874 ΙΙ.
1203 2825 1279 2875 Satir.
1296 2841 1335 2875 vr.
1353 2829 1475 2886 sarmada
1491 2831 1558 2878 briu-

424 2905 487 2955 etius
503 2905 539 2956 its
556 2910 640 2957 tardis
654 2907 805 2958 tribuentur:
834 2909 905 2968 Quis
920 2910 969 2957 tibi
1009 2905 1052 2950 ria
1068 2906 1159 2953 tardis.
1181 2907 1213 2954 In
1229 2905 1309 2967 Epist.
1326 2906 1429 2969 Epicuri
1446 2922 1499 2956 uon
1514 2909 1557 2957 sb-

423 2987 469 3046 vis,
482 2987 578 3046 imane,
600 2992 626 3037 et
644 3003 721 3051 quom
740 3004 793 3037 rem
810 2988 890 3051 opis?
915 2989 967 3036 Im·
1008 2982 1090 3032 simile
1105 2985 1261 3047 τρικυλιστὸς
1278 2984 1326 3050 εἶμι
1343 2985 1530 3038 &subsistam

419 3069 516 3128 probus
540 3084 615 3132 orpes
647 3071 732 3118 Iratis
753 3069 892 3133 precibus?
927 3071 968 3117 Tu
1041 3062 1283 3127 D⁰d0flimlsl¹1¹1gli
1298 3066 1555 3129 ''MP'‘'WWM-

419 3149 506 3210 purge,
525 3163 607 3206 omne,
623 3150 689 3211 quod
709 3151 805 3209 omas,
833 3150 876 3197 Aa
897 3148 967 3198 Mae.
1008 3141 1555 3209 sinemureetmodo,importunus,impudens.

421 3231 532 3275 ceratem
554 3229 657 3276 mesori
680 3229 702 3276 si
722 3233 805 3277 mente
827 3231 966 3278 recurras?
1007 3219 1554 3292 Potominiustcdicturumimprotmryes.

420 3304 474 3354 Nos
488 3305 626 3369 improbus,
645 3306 762 3370 impiger,
778 3307 908 3370 impudens
924 3321 965 3354 ur·
1042 3301 1098 3348 Ηθθ
1121 3302 1207 3360 iuvat,
1228 3308 1253 3351 et
1275 3305 1343 3352 uselli
1366 3311 1413 3354 est.
1446 3305 1554 3358 Plautus

420 3399 476 3448 ges,
493 3392 530 3444 et,
547 3387 568 3436 si
587 3401 638 3435 nou
654 3387 737 3436 stetim
756 3387 878 3446 cedimus,
897 3387 965 3436 mels
1007 3377 1109 3428 Tmcul
1121 3380 1232 3430 Nu&
1252 3382 1317 3431 Cum
1333 3385 1379 3433 hoe
1393 3386 1446 3434 ium
1463 3388 1555 3451 volupe
1609 3404 1617 3421 ·

419 3463 575 3528 imprecaris?
610 3466 684 3515 Tuus
709 3466 755 3515 tibi
776 3466 882 3517 liberum
910 3483 964 3517 esse
1007 3459 1047 3516 ’δὴ
1063 3466 1118 3508 tum
1135 3464 1179 3511 7200
1199 3463 1276 3512 nimio
1295 3479 1400 3525 maome
1426 3466 1554 3517 nullirriae

419 3550 491 3607 putes
505 3558 590 3603 omne,
607 3546 673 3608 quod
689 3545 778 3606 obstat,
794 3547 909 3608 pulsare?
929 3549 964 3596 Et
1005 3542 1076 3588 mibi.
1092 3540 1186 3591 Contra
1201 3543 1302 3591 Lutret
1310 3543 1332 3591 Ι.
1341 3543 1398 3594 759.
1406 3559 1499 3594 veneno
1505 3553 1552 3595 cst.

420 3622 606 3673 commentator
637 3623 727 3686 legisse
759 3626 857 3675 videtur
882 3643 962 3689 crees.
1039 3623 1076 3668 At
1090 3623 1165 3669 simtd
1181 3628 1255 3671 atras
1283 3625 1391 3672 Ventum
1401 3630 1439 3672 ert
1455 3626 1551 3689 Esqui-

419 3702 544 3760 ,‚Tardis,
561 3715 623 3764 quos
638 3701 711 3763 pulso
721 3709 746 3750 et
764 3707 866 3766 urgeo.“
884 3704 962 3753 Turdi
1003 3701 1061 3749 tias.
1095 3699 1126 3748 In
1151 3700 1213 3750 cod.
1237 3701 1320 3751 Berol
1337 3705 1414 3752 altos.
1431 3703 1550 3767 Apitsius

418 3795 479 3844 ergo
503 3780 627 3830 diccbsnt:
653 3788 681 3829 tu
706 3787 795 3845 urges?
819 3790 844 3832 et
868 3785 960 3847 pulsm.
1002 3779 1125 3842 praefert,
1142 3782 1201 3845 quis
1221 3782 1348 3846 Esquiline
1368 3797 1419 3830 non
1440 3784 1549 3847 emplius

416 3859 523 3908 Plautus
539 3874 593 3908 rem
615 3859 696 3923 lepide
717 3868 775 3909 ente
791 3861 874 3911 oeulos
891 3865 960 3926 ponit
1001 3866 1073 3907 erant
1088 3865 1168 3909 atrae.
1189 3861 1224 3909 Et
1239 3873 1287 3924 ego
1302 3860 1447 3923 praeferam.
1474 3863 1548 3912 Alio·

416 3940 443 3990 in
460 3939 691 3992 Menoetius.
717 3941 800 3991 Simul
814 3946 959 4007 cotempla—
1001 3939 1061 4002 quin
1085 3941 1243 3990 statuendum
1267 3948 1320 4001 est,
1344 3942 1408 3991 hanc
1436 3941 1547 3992 Sstirsm

414 4021 517 4070 mrim
531 4021 789 4083 cosmimetriam
800 4027 868 4080 eunt,
879 4025 958 4085 aspel-
1000 4020 1043 4067 diu
1059 4019 1175 4083 scriptam
1199 4029 1257 4070 ante
1273 4021 1399 4084 Esquilias
1415 4023 1443 4069 in
1459 4022 1546 4072 hortos

413 4102 473 4159 lito,
491 4101 619 4156 Detrude.
635 4102 741 4150 reesa
756 4103 785 4150 tn
800 4103 878 4151 mant:
898 4105 958 4152 hacc
998 4105 1114 4158 mutatas,
1131 4108 1205 4164 atque
1221 4101 1282 4149 adeo
1291 4108 1348 4149 tute
1359 4100 1434 4150 Satin.
1447 4100 1469 4150 Ι.
1481 4116 1545 4151 vm.

413 4179 454 4230 se
470 4179 607 4242 coepisse
621 4194 737 4244 pessuma
752 4186 797 4229 est.
825 4181 956 4241 Currenti,
997 4186 1072 4241 sique
1088 4180 1123 4228 its
1138 4178 1335 4229 commentator:
1353 4181 1542 4244 „Esquilisclo-

411 4261 563 4321 properanti
596 4261 666 4308 baud
690 4260 824 4322 quisquam
852 4262 956 4324 diqnsm
997 4272 1040 4306 cus
1053 4265 1120 4315 eret,
1133 4258 1176 4305 ubi
1192 4259 1316 4322 peregrini
1332 4266 1356 4308 et
1372 4275 1492 4323 pauperes
1504 4276 1543 4310 se-

411 4339 485 4386 tates
510 4339 631 4388 decedere.
666 4341 712 4387 Ite
737 4346 789 4389 tres
809 4342 900 4389 simitu
916 4356 957 4390 res
996 4336 1156 4399 pellebantur.
1174 4336 1266 4386 Poeteu
1281 4337 1347 4386 horti
1363 4339 1542 4389 Mseeeustis.“

410 4417 520 4476 semdae
534 4423 606 4474 sunt,
630 4418 729 4480 quondo
754 4433 831 4466 unam
847 4433 955 4481 ocoeepo
995 4417 1130 4479 Nunquam
1146 4423 1211 4464 certe
1227 4417 1373 4479 interpreter
1388 4424 1469 4474 otras,
1481 4419 1542 4482 quis

411 4494 465 4541 ris:
483 4495 522 4544 Et
539 4497 698 4555 currentium,
714 4503 738 4546 et
750 4499 921 4560 propontidem,
929 4503 954 4546 et
996 4494 1053 4543 olim
1075 4494 1107 4543 ibi
1124 4501 1224 4544 steterat
1246 4510 1374 4544 commuue
1390 4496 1541 4560 sepulcrum.
