3542 5634
379 457 441 544 ita
767 481 1118 550 sarracena

419 662 468 728 Ae
492 671 645 731 venerata
668 667 781 750 Ceres,
806 669 853 733 ita
877 670 986 734 culmo
1009 677 1159 754 surgeret
1180 671 1267 755 alto,

420 765 591 851 Explicuit
613 771 690 836 vino
713 779 899 839 contractae
921 775 1005 839 seria
1027 774 1156 840 frontis.

421 868 551 936 Saeviet
574 878 672 959 atque
695 897 797 940 novos
820 883 952 942 moveat
973 878 1107 942 fortuna
1129 879 1312 958 tumultus;

419 970 587 1050 Quantum
604 977 680 1042 hinc
702 977 901 1044 imminuet?
918 987 1041 1065 quanto
1060 986 1119 1046 aut
1138 1003 1199 1067 ego
1219 983 1348 1067 parcius
1369 990 1428 1049 aut
1439 1006 1509 1067 vos,

419 1073 447 1140 Ο
470 1078 577 1161 pueri,
602 1080 770 1164 nituistis,
794 1089 833 1148 ut
855 1084 920 1148 huc
943 1105 1047 1148 novus
1071 1085 1180 1150 incola
1199 1087 1313 1150 venit?

373 1247 489 1300 corrupto
513 1243 589 1303 culpa
609 1241 685 1288 latere
710 1253 802 1287 nomen
821 1239 919 1302 aliquod
962 1233 1068 1281 frontem
1085 1235 1209 1296 explicat?
1227 1234 1426 1286 Commentator:
1454 1248 1511 1296 „ro‘

373 1318 500 1379 proprium
528 1323 639 1377 villicae,
665 1319 744 1381 qualis
772 1325 825 1367 arat
850 1334 873 1366 v,
899 1333 920 1368 c,
962 1320 1021 1374 gata
1037 1313 1125 1362 deinde
1142 1313 1231 1373 Ceres,
1247 1322 1277 1364 nt
1293 1324 1465 1379 perseveraret
1482 1317 1510 1364 in

372 1398 470 1444 rustica
489 1399 613 1460 Phidyle,
630 1411 715 1455 serva,
732 1411 776 1444 seu
793 1397 920 1449 libertina,
961 1392 1089 1454 frugibus,
1110 1395 1147 1442 ita
1170 1403 1243 1444 ntae
1258 1397 1411 1454 ostenderat,
1434 1397 1507 1445 tristi-

372 1473 413 1520 cni
433 1475 531 1537 scripsit
552 1474 635 1524 Oarm.
653 1475 704 1524 111.
717 1489 795 1524 xxm.
822 1474 919 1525 Ofellus

329 1607 330 1610 Ἴ
372 1551 919 1611 sinedubiohabebathuiusmodimulierem,

372 1645 491 1693 quaeres
516 1633 660 1680 domestIcas
682 1632 790 1680 curabat.
824 1632 864 1680 De
881 1647 919 1680 re·

372 1709 418 1756 bus
434 1711 486 1758 istis
498 1719 665 1774 exposuerunt
674 1710 749 1769 Cato,
761 1719 786 1760 et
802 1711 856 1759 fuse
870 1710 918 1760 Co·

371 1788 473 1838 lamella
489 1791 515 1838 in
531 1792 610 1840 Libro
621 1792 684 1840 XII.
710 1791 797 1852 Qualis
814 1791 861 1849 vir,
879 1805 918 1839 so·

371 1868 446 1929 brius,
464 1871 554 1930 durus,
571 1885 667 1933 parcus,
678 1870 734 1918 talis
751 1870 843 1918 villica.
868 1871 917 1919 Le-

370 1946 426 2008 pide
442 1948 519 2011 igitur
529 1949 676 2011 magistram
688 1948 757 2005 fecit,
768 1961 831 2010 quae
842 1948 917 2010 probe

370 2034 482 2087 careret,
504 2043 535 2076 ne
556 2029 675 2076 convivae
697 2027 771 2074 nimis
788 2032 916 2089 potarent,

370 2112 394 2152 et
410 2113 494 2154 tamen
510 2107 569 2156 satis
593 2107 748 2164 concederet,
765 2112 794 2153 ut
810 2104 916 2153 frontem

369 2184 532 2246 explicarent,
553 2193 577 2234 et
594 2187 658 2234 inter
674 2186 738 2233 risus
756 2190 780 2233 et
798 2185 862 2233 iocos
878 2201 916 2234 se-

369 2277 444 2312 verae
460 2264 668 2327 modimperatrici
683 2264 779 2312 villicae
793 2271 915 2324 parerent.

369 2341 467 2390 Nomen
484 2356 537 2390 esse
554 2343 634 2404 potnit
655 2344 760 2390 Paullo.
787 2345 851 2390 Post
872 2347 917 2392 boc

369 2421 446 2468 ludus
470 2427 526 2469 erat
553 2423 650 2468 Paullo
665 2426 755 2483 potore
783 2423 915 2483 etapium.

368 2499 468 2547 Fictnm
479 2514 570 2553 nomen
581 2514 653 2563 saepe
664 2498 757 2562 legitur
770 2501 835 2562 apud
847 2501 916 2549 Mar-

368 2578 460 2628 tialem.
494 2581 535 2628 Ea
559 2578 642 2627 villica
666 2585 719 2626 erat
740 2593 812 2638 uxor,
837 2588 917 2643 nupta

370 2657 461 2715 Ofello,
484 2659 555 2706 utin
578 2657 689 2706 Martial.
706 2657 741 2706 V.
762 2659 801 2706 66.
823 2661 915 2708 Vittico

371 2739 409 2785 rel
425 2739 486 2784 duri
509 2751 647 2799 coorprcsaa
671 2742 707 2784 cat
726 2743 808 2797 nupta
828 2739 916 2788 coloni.

371 2813 490 2863 Horatius
520 2829 556 2862 vs.
584 2815 637 2864 115.
663 2815 774 2862 nominat
805 2816 917 2866 Ofellum

371 2900 464 2943 metato
480 2896 509 2942 in
525 2895 603 2958 apelle
630 2894 695 2943 Cum
710 2911 798 2958 pecore
814 2902 840 2944 ct
855 2913 915 2960 paa-

371 2975 407 3022 tic
426 2974 522 3036 fortem
549 2976 658 3023 mercede
684 2977 805 3026 colonum.
847 2978 917 3040 Ergo

370 3058 454 3114 ncepta
474 3060 527 3102 crat
547 3054 626 3112 domi,
652 3054 751 3103 nomine
768 3056 917 3117 honestiore,

372 3130 474 3181 fortasse
491 3133 579 3182 liberta
595 3134 717 3183 dominae.

404 3215 444 3260 Ac
460 3219 578 3262 venereus
590 3213 676 3270 Ceres,
690 3216 728 3261 ito
742 3215 822 3263 culmo
835 3227 918 3277 turpe·

960 1471 1022 1520 tiam
1044 1474 1164 1536 explicuit
1184 1476 1268 1524 rino.“
1285 1477 1410 1535 Bacchus,
1435 1484 1510 1539 puto.

960 1559 997 1598 est
1013 1552 1084 1600 dator
1101 1554 1222 1612 laetitiae,
1239 1569 1290 1603 non
1307 1554 1395 1614 Ocres3
1406 1555 1455 1603 nisi
1465 1570 1508 1618 po·

959 1635 1055 1689 tarent,
1071 1640 1100 1679 nt
1123 1639 1218 1680 veteres
1236 1633 1356 1682 Germani
1373 1635 1441 1696 apud
1458 1635 1509 1683 Ta·

959 1709 1049 1767 citum,
1069 1711 1199 1759 humorem
1221 1726 1254 1760 ex
1275 1712 1368 1760 hordeo
1388 1718 1434 1760 ant
1454 1713 1508 1761 frn-

958 1796 1058 1847 mento,
1082 1789 1110 1837 in
1134 1789 1324 1838 similitudinem
1347 1790 1400 1838 vini
1422 1805 1508 1839 eorru-

957 1875 1036 1930 ptum.
1070 1870 1125 1917 Iam
1142 1871 1181 1916 ita
1199 1876 1327 1932 carperet,
1343 1884 1389 1932 pro
1405 1869 1441 1916 ita
1456 1870 1509 1918 cul·

958 1961 1000 1993 mo
1015 1955 1135 2008 surgeret,
1153 1953 1183 1995 ut
1199 1963 1227 1996 ae
1236 1950 1388 2004 ostenderat,
1397 1961 1509 1998 creseere

957 2032 1084 2088 coeperat,
1101 2033 1138 2074 est
1154 2027 1217 2074 dura
1233 2026 1335 2089 ellipsis.
1362 2026 1418 2074 Nec
1434 2027 1509 2076 video

957 2106 1017 2168 qnid
1028 2105 1143 2154 differant
1154 2109 1235 2155 culino
1245 2122 1347 2168 sarpere
1356 2112 1382 2153 et
1390 2122 1508 2165 creacm,

957 2183 1165 2246 utexplicandnm
1174 2183 1272 2248 putavit
1283 2183 1346 2231 alins
1360 2183 1507 2233 Scholiasta.

957 2263 989 2311 In
1006 2264 1109 2311 vetustis
1125 2265 1183 2313 edit.
1200 2264 1333 2326 corrigitur
1355 2269 1392 2311 ut.
1418 2263 1507 2314 Conie-

957 2343 992 2391 ci:
1010 2349 1093 2406 nuptu
1107 2349 1198 2406 potore
1214 2346 1354 2406 magistra.-
1378 2345 1452 2401 Quae
1468 2360 1506 2392 ce-

957 2427 1064 2480 nerato,
1084 2421 1159 2470 Ceres
1179 2427 1209 2469 ut
1227 2424 1433 2483 calmoaurqeret
1445 2423 1507 2481 alto,

959 2501 1097 2562 Explicuit
1113 2503 1173 2550 vino
1190 2506 1335 2550 contractae
1352 2503 1420 2549 acria
1434 2501 1508 2560 fron·

957 2578 999 2626 tie.
1032 2579 1119 2642 Nupta
1148 2578 1237 2637 Ofelli,
1262 2586 1292 2626 ut
1315 2586 1370 2626 erat
1394 2577 1507 2626 officium

957 2656 1036 2706 bonae
1060 2659 1169 2717 villicae,
1194 2659 1305 2722 primum
1329 2657 1423 2706 libebat
1447 2659 1507 2707 Diis

957 2737 1107 2800 Deabusqne
1120 2739 1259 2800 agrestibus
1268 2745 1341 2796 ,ante
1358 2751 1444 2786 omnes
1457 2737 1505 2787 Ce-

957 2815 1015 2873 reri,
1039 2824 1069 2864 nt
1092 2817 1159 2865 laeta
1182 2832 1253 2880 seges
1278 2817 1360 2864 culmo
1384 2824 1505 2880 surgeret.

956 2892 1055 2951 Libato,
1071 2897 1189 2944 convivas
1200 2897 1283 2944 bibere
1299 2911 1331 2944 ex
1347 2896 1405 2959 lega
1426 2902 1451 2944 et
1466 2912 1506 2945 ar-

957 2971 1030 3021 bitrio
1052 2989 1098 3032 suo
1111 2975 1217 3033 iubebat,
1233 2988 1390 3037 regnumque
1406 2989 1506 3023 exerce·

957 3052 1011 3111 bat,
1028 3059 1053 3101 et
1077 3054 1141 3102 seria
1157 3052 1244 3102 frontis
1260 3053 1407 3115 explicabat.
1429 3055 1505 3102 Vena

958 3138 1031 3190 rata,
1056 3133 1128 3197 quasi
1144 3132 1255 3181 absolute
1270 3133 1392 3194 positum,
1409 3146 1507 3194 semper

957 3223 990 3257 ex
1006 3211 1138 3260 verborum
1155 3213 1276 3260 sententia
1290 3212 1375 3269 sumit,
1391 3211 1457 3259 unde
1470 3211 1506 3259 ef-

371 3292 486 3347 retalto,
505 3293 649 3352 Explicuit.
676 3291 915 3354 Participiumcenc·
957 3288 1033 3349 licias,
1049 3307 1121 3353 quem
1137 3292 1193 3354 quis
1207 3298 1338 3339 veneratus
1352 3291 1393 3338 sit.
1410 3289 1506 3339 Tibull.
1535 3303 1539 3307 ·

371 3376 432 3418 roto
447 3370 544 3433 passive
560 3371 669 3434 accipere
685 3371 806 3433 cogimur.
834 3371 916 3421 Huius
957 3369 978 3416 L
996 3384 1013 3418 1.
1034 3372 1071 3419 ll.
1090 3373 1158 3419 Nam
1174 3385 1291 3428 veneror,
1308 3385 1352 3418 seu
1368 3372 1446 3431 stipes
1462 3371 1505 3416 ba·

371 3456 454 3498 antem
470 3451 658 3512 significationis
667 3458 761 3500 certum
773 3451 916 3514 exemplum
958 3451 998 3498 bct
1016 3451 1172 3498 reseruata
1199 3451 1277 3512 apris,
1311 3451 1362 3497 Seu
1383 3454 1454 3496 retus
1478 3449 1507 3495 in

371 3543 422 3576 non
438 3528 578 3578 offenditur.
599 3531 750 3580 Scholiastae
767 3531 816 3578 iam
833 3538 916 3579 osten·
958 3529 1034 3576 trinio
1044 3529 1130 3590 florea
1145 3534 1216 3576 certa
1233 3529 1307 3590 Iopis.
1327 3526 1417 3574 Horat.
1429 3526 1505 3575 Satin.

372 3608 462 3655 derrmt
477 3608 570 3671 Virgil.
587 3609 653 3656 Aen.
670 3609 720 3656 III.
738 3609 794 3656 460.
814 3625 915 3658 cursua-
957 3605 993 3655 II.
1003 3621 1041 3656 vr.
1049 3607 1073 3655 8.
1083 3607 1114 3655 St
1121 3608 1325 3655 venerorataltuc
1333 3607 1399 3653 nibil
1408 3607 1505 3655 imam.

372 3703 419 3750 que
446 3687 517 3736 dabit
552 3692 673 3736 venerata
702 3689 824 3736 sacerdos.
866 3689 917 3739 Ubi
957 3686 1006 3735 Ubi
1014 3686 1144 3736 antecessit
1153 3687 1230 3734 Μαὶα
1239 3692 1311 3744 aute,
1325 3691 1354 3732 ut
1367 3686 1393 3733 in
1404 3685 1506 3734 Tibullo

373 3765 489 3816 Servius:
513 3781 605 3829 ‚aluam
621 3772 650 3813 tu
667 3773 798 3814 veneratus
817 3767 858 3827 sis,
876 3768 917 3816 vel
957 3766 1027 3814 adeat
1036 3767 1115 3828 stipes
1126 3771 1151 3813 et
1160 3767 1233 3828 lapte,
1245 3779 1318 3828 quem
1332 3765 1505 3815 venerabatur.

372 3851 490 3894 venerata
505 3860 551 3909 pro
568 3853 592 3894 te
608 3846 690 3905 Deos,
715 3845 762 3894 hoc
778 3853 827 3904 est,
844 3862 916 3910 roga·
994 3846 1095 3903 Quanto
1120 3851 1166 3893 aut
1190 3861 1233 3907 epo
1252 3848 1370 3907 porcius,
1392 3852 1441 3894 out
1457 3862 1506 3904 ror,

372 3926 404 3975 tis
420 3941 464 3990 pro
481 3933 506 3974 te
522 3925 608 3974 Deis.“
624 3926 722 3975 Verum
731 3933 781 3974 est:
796 3933 916 3976 venerato
960 3925 983 3972 0
1001 3927 1077 3986 paeri
1102 3924 1226 3973 nituistia.
1259 3924 1364 3973 Melius:
1388 3926 1506 3983 Quando,

372 4008 449 4056 Deos.
483 4005 510 4055 si
525 4006 647 4070 Virgilius
672 4006 767 4069 scripsit
783 4022 917 4068 cursusque
957 4003 1027 4065 Ipse,
1051 4009 1080 4050 ut
1101 4003 1187 4065 pueri,
1211 4010 1267 4066 post
1283 4003 1396 4066 singulas
1416 4018 1505 4052 coenas

371 4088 443 4135 dubit
467 4092 586 4134 senerata
613 4088 744 4144 secundos,
772 4087 838 4148 quod
866 4085 916 4148 ple·
957 4083 1027 4146 quasi
1050 4083 1174 4141 nitebant,
1196 4097 1293 4145 semper
1319 4085 1397 4132 saturi
1425 4092 1505 4132 erant.

371 4179 477 4228 rumque
499 4165 530 4213 ab
551 4166 725 4229 interpretibus
744 4166 870 4229 accipitur,
891 4172 917 4214 et
957 4162 1044 4212 Oratio
1068 4163 1165 4210 rustica.
1192 4161 1277 4220 Nihil,
1302 4163 1348 4221 ait,
1369 4163 1438 4210 nobis
1458 4177 1505 4210 un·

370 4258 430 4292 sane
452 4247 573 4308 praestat,
593 4253 678 4294 manet
699 4251 818 4294 senerata
835 4244 917 4292 activo
956 4256 1031 4305 quam
1052 4240 1141 4301 defuit,
1165 4241 1226 4290 adeo
1246 4248 1275 4290 ut
1296 4256 1346 4290 non
1363 4242 1444 4304 magis
1468 4243 1506 4290 ni·

371 4336 452 4371 sensu.
486 4323 518 4371 In
533 4325 640 4373 Aeneid.
656 4324 735 4374 VIII.
752 4324 792 4376 76.
809 4326 915 4372 celebro·
956 4329 1064 4370 teramus
1089 4329 1146 4371 ante
1170 4322 1305 4370 adveutum
1328 4323 1387 4370 novi
1402 4321 1506 4371 incolae.

372 4405 427 4450 berc
454 4409 491 4452 est
512 4418 600 4452 manus
617 4404 717 4467 poetae,
740 4419 790 4452 non
816 4418 915 4452 cenero-
957 4399 1156 4451 commentator:
1185 4401 1263 4460 „bene
1288 4400 1382 4464 accepti
1410 4399 1505 4458 fuistis,

372 4485 434 4532 bere.
469 4483 598 4544 Quomodo
615 4489 697 4531 autem
713 4484 787 4532 Cerea
804 4481 916 4531 convivis
957 4481 1018 4531 bene
1043 4481 1165 4529 vixistia.“
1195 4482 1284 4530 Nitcrc
1308 4487 1333 4528 et
1354 4482 1454 4530 ιιὶίὶάιιι
1474 4482 1507 4528 de
