3542 5634
671 499 853 564 LIBER
900 501 924 564 Ι.

628 723 863 788 SATIRA
910 725 965 788 IV.

314 871 459 971 Eupolis
482 890 580 971 atque
605 888 758 953 Cratinus
781 889 1082 976 Aristophanesque
1105 895 1220 976 poetae

268 988 379 1073 Atque
401 988 477 1071 alii,
502 1011 640 1075 quorum
664 992 831 1058 comoedia
853 993 962 1078 prisca
984 993 1129 1060 virorum
1151 1000 1222 1078 est,

269 1091 306 1157 si
329 1091 402 1176 quis
426 1096 496 1157 erat
519 1092 639 1177 dignus
663 1093 819 1178 describi,
844 1097 932 1181 quod
954 1097 1062 1162 malus
1086 1102 1144 1163 aut
1167 1098 1237 1181 fur,

269 1194 364 1275 Quod
386 1195 539 1260 moechus
563 1196 647 1267 foret
669 1201 728 1262 aut
753 1197 890 1264 sicarius
914 1205 972 1265 aut
995 1199 1119 1286 alioqui

269 1297 445 1382 Famosus,
469 1299 576 1364 multa
598 1322 674 1366 cum
697 1301 849 1368 libertate
872 1304 1041 1369 notabant.

270 1401 359 1466 Hinc
383 1401 490 1468 omnis
513 1403 635 1487 pendet
658 1404 821 1488 Lucilius,
845 1407 943 1472 hosce
967 1411 1140 1492 sequutus,

270 1505 409 1569 Mutatis
438 1510 570 1571 tantum
592 1507 730 1592 pedibus
753 1508 981 1596 numerisque,
1005 1508 1149 1593 facetus,

270 1608 454 1673 Emunctae
476 1609 583 1692 naris,
608 1609 708 1676 durus
731 1633 925 1696 componere
946 1633 1069 1679 versus.

268 1710 356 1774 Nam
378 1709 444 1775 fuit
465 1711 527 1777 hoc
548 1712 706 1779 vitiosus:
731 1713 767 1778 iu
790 1714 870 1779 hora
893 1737 989 1800 saepe
1012 1715 1188 1799 ducentos,

268 1813 318 1879 Ut
339 1835 516 1899 magnum,
540 1837 652 1881 versus
677 1817 823 1883 dictabat
846 1822 938 1884 stans
961 1819 1043 1903 pede
1066 1818 1101 1882 in
1124 1840 1198 1884 unu.

269 1915 379 1996 Quum
401 1915 517 1982 flueret
540 1918 744 2003 lutulentus,
767 1925 837 1985 erat
859 1921 947 2006 quod
970 1922 1085 1987 tollere
1108 1922 1226 1988 velles:

269 2018 430 2085 Garrulus
453 2024 552 2105 atque
574 2021 668 2107 piger
690 2022 853 2088 scribendi
876 2023 959 2089 ferre
981 2024 1142 2108 laborem,

269 2121 440 2187 Scribendi
461 2127 563 2200 reote3
588 2145 667 2187 nam
690 2128 729 2188 ut
751 2125 911 2208 multum,
936 2125 984 2190 nil
1007 2146 1124 2190 moror.
1173 2125 1274 2209 Ecce,

392 2310 531 2360 SATIRA
556 2310 604 2361 Ν
806 2284 904 2347 flwet
928 2287 1081 2344 lutulentus,
1105 2291 1162 2335 erut
1186 2287 1253 2348 quod
1273 2288 1360 2336 tollere

813 2366 894 2414 reiks.
930 2367 999 2413 Nam
1006 2365 1063 2428 suit
1075 2367 1119 2415 hoe
1129 2367 1241 2422 mussat,
1257 2366 1286 2414 iu
1298 2367 1359 2414 bara

261 2404 351 2517 Quod
365 2443 447 2490 malus
462 2442 574 2506 aurfta,
592 2441 772 2492 Bentleiusde
811 2456 885 2505 saepe
906 2446 1037 2502 ducentos,
1067 2445 1099 2492 Ut
1120 2459 1251 2507 irruptum,
1273 2458 1361 2492 uersus

222 2520 302 2569 fendit
312 2520 408 2584 arsur,
418 2521 582 2584 interpretans
592 2522 624 2570 de
634 2524 720 2570 eodem
729 2522 772 2571 ho
812 2523 927 2571 Mutat
942 2528 1014 2571 stans
1027 2524 1090 2585 pede
1100 2525 1129 2571 iu
1140 2538 1204 2583 uuo,
1223 2523 1361 2582 Garrulus,

221 2599 303 2648 mino:
320 2602 404 2649 malus
420 2615 451 2649 ac
461 2601 526 2665 fur,
542 2615 588 2664 pro
604 2600 686 2660 refer,
703 2606 770 2649 astu·
812 2607 889 2662 atque
907 2603 981 2664 piper
1001 2602 1126 2652 auttendi
1139 2601 1215 2664 serre
1236 2603 1360 2661 lateram

222 2686 277 2739 tus,
294 2679 374 2728 malus
391 2694 421 2728 ao
437 2679 540 2743 proinde
556 2677 604 2728 fur.
627 2680 772 2740 Enimvero,
812 2680 940 2729 Scribeadi
951 2685 1031 2730 reete:
1052 2679 1163 2729 Lucilius
1180 2685 1234 2728 eret
1244 2681 1323 2728 durus
1334 2680 1361 2728 in

221 2747 276 2808 sive
292 2758 404 2823 legamus
420 2775 451 2809 aa
467 2758 521 2807 sive
536 2763 595 2817 aut,
612 2757 674 2806 illud
688 2761 771 2808 ardus
809 2759 986 2822 compositione
1004 2774 1128 2808 versuum.
1154 2760 1289 2822 Propterea
1307 2759 1362 2808 fluit

220 2838 358 2887 orationem
383 2838 502 2901 impedit,
526 2844 552 2885 et
576 2836 655 2886 multo
679 2839 770 2887 rectius
809 2835 955 2897 lutulentus,
973 2845 997 2887 ct
1013 2846 1058 2898 est,
1078 2839 1143 2902 quod
1160 2839 1258 2887 demere
1277 2838 1361 2888 velles.

221 2916 320 2977 aberat,
345 2918 404 2982 quia
428 2923 454 2965 et
474 2913 610 2978 simplicius
631 2921 670 2963 est
691 2917 770 2964 nomi·
809 2917 920 2965 Laborat
937 2918 1080 2981 praesertim
1097 2918 1278 2980 compositione.
1306 2919 1362 2968 Hoc

220 3010 282 3045 nare
292 2996 398 3060 furem,
415 3000 445 3041 ut
461 2996 596 3053 moechum,
612 2996 771 3044 sicariumet
809 2996 954 3055 primarium
972 2995 1037 3044 illius
1055 2997 1151 3045 vitium.
1178 2995 1285 3055 Caussa,
1302 2998 1361 3060 quia

212 3075 355 3139 famosum.
372 3071 770 3135 Couiecbquodplaausautsur.
809 3073 889 3120 mults
899 3074 980 3121 subito
996 3074 1115 3132 distabat,
1132 3074 1248 3124 continuo
1267 3076 1359 3138 garrie-

219 3153 270 3205 His
286 3151 412 3215 aptissime
427 3148 615 3212 subiunguntur
625 3151 693 3212 quod
709 3166 770 3201 moe-
809 3150 860 3210 bat,
871 3167 921 3200 non
933 3151 1013 3200 ferens
1024 3151 1148 3212 laborem,
1164 3154 1207 3215 qui
1222 3154 1360 3216 postulatur

217 3236 296 3291 chus,
321 3238 367 3281 aut
387 3231 508 3290 uicerim,
533 3235 580 3277 aut
602 3232 714 3292 alioquin
724 3233 770 3294 fa·
810 3231 841 3277 sd
858 3237 925 3280 recto
942 3229 1106 3280 scribendum.
1124 3231 1193 3280 Fluit
1204 3232 1356 3291 lutulentus,

219 3328 309 3363 matut.
350 3311 416 3360 Bina
446 3309 507 3358 vitia
536 3309 594 3356 bins
622 3318 768 3374 sequuntur.
808 3312 852 3373 qui
863 3312 938 3360 duros
949 3325 1035 3359 sersus
1047 3309 1164 3370 effundit,
1182 3325 1243 3374 quos
1260 3312 1358 3363 Lucilio

221 3393 324 3440 Planus
339 3395 377 3439 est
393 3388 459 3452 apud
474 3389 562 3437 Horat.
574 3390 596 3439 I.
613 3390 694 3453 Epist.
705 3391 769 3442 VII.
809 3390 918 3439 adimere
929 3397 953 3438 et
964 3389 1077 3438 meliores
1090 3389 1238 3439 substituere
1248 3405 1357 3453 cuperes.

219 3471 261 3518 58.
287 3471 341 3519 Nee
357 3471 431 3517 serael
447 3469 542 3515 irruas
557 3469 642 3517 triviis
652 3471 770 3519 attollere
844 3471 913 3516 Nam
938 3474 968 3516 ut
993 3470 1115 3526 multum,
1141 3471 1180 3516 nil
1205 3484 1294 3518 uwror.
1329 3469 1357 3520 si

219 3554 297 3599 curat
315 3549 410 3597 Fracto
420 3562 494 3597 crure
503 3548 619 3610 planum.
636 3547 686 3596 Ubi
694 3546 768 3597 Com·
808 3547 923 3597 Lucilius
939 3561 1006 3595 nune
1023 3547 1131 3605 viveret,
1154 3549 1190 3596 sit
1206 3549 1294 3598 Horat.
1312 3547 1357 3598 Ss-

220 3634 354 3677 meutstor:
373 3638 510 3686 „erronem
521 3625 691 3673 mendacem.“
707 3625 768 3674 Vox
808 3627 849 3675 tir.
866 3628 890 3676 I.
907 3641 934 3676 x.
952 3627 993 3674 68.
1010 3629 1133 3676 detereret
1148 3628 1196 3675 sibi
1212 3627 1307 3683 multa,
1321 3641 1358 3677 re·

218 3723 319 3772 quoqne
339 3712 455 3769 corrupta
476 3704 502 3751 in
519 3718 610 3761 uanus,
629 3704 702 3752 utin
719 3703 768 3753 Iul.
809 3708 915 3763 rideret,
927 3711 1005 3768 eaput
1015 3709 1133 3762 stataet,
1145 3721 1239 3768 unques
1254 3708 1359 3756 roderet.

220 3786 326 3852 Capitol.
344 3787 396 3834 rita
417 3785 454 3833 M.
471 3782 571 3832 Aurelii
595 3784 633 3833 la.
653 3785 768 3833 restituto
809 3785 859 3835 Sed
875 3785 987 3834 Lucilius
1004 3792 1072 3834 stans
1088 3785 1150 3848 pede
1167 3785 1194 3832 in
1210 3799 1273 3844 uno,
1295 3786 1358 3835 mire

218 3881 254 3915 ex
271 3865 346 3915 MSS.
364 3881 380 3912 a
395 3863 501 3914 Cssaub.
519 3867 544 3910 et
558 3861 687 3912 salmasio.
713 3863 768 3910 Iam
809 3863 948 3914 festinabat.
984 3864 1055 3913 Talis
1072 3865 1144 3927 polite
1161 3864 1246 3913 scribit
1262 3867 1359 3921 muita.

219 3943 476 3995 Iabenusinntimis
487 3955 546 3990 usus
557 3948 601 3991 est
630 3940 725 3990 Gellius
734 3943 768 3990 N.
809 3957 860 3991 non
884 3945 1000 3992 ccultum.
1039 3941 1133 4006 Optimi
1157 3942 1271 4006 magistri
1295 3941 1358 3990 illud

219 4025 255 4075 A.
286 4024 375 4074 XVL:
404 4037 570 4087 „quamquam
595 4024 702 4084 planum
724 4035 769 4085 pro
810 4022 919 4070 multum
935 4020 1008 4069 vslde
1024 4023 1204 4071 commendant.
1225 4020 1314 4071 Cicero
1328 4021 1359 4069 de

220 4105 377 4166 sycophanta
394 4104 431 4151 M.
447 4115 543 4166 quoque
563 4099 650 4150 Cicero
671 4101 698 4148 in
717 4115 770 4150 ora-
811 4099 915 4150 Oratore
932 4100 954 4148 1.
971 4101 1011 4149 33.
1037 4101 1123 4162 Caput
1133 4105 1217 4148 autem
1228 4104 1273 4156 est,
1284 4099 1358 4160 quod,

218 4182 413 4244 tionescriptum
422 4181 533 4245 reliquit,
542 4193 670 4243 quampro
680 4178 770 4229 Cluen·
812 4184 842 4228 ut
857 4194 915 4227 uere
931 4180 1027 4238 dicam,
1043 4180 1144 4226 minime
1154 4179 1277 4240 saciatus.
1306 4178 1359 4226 Est

219 4263 254 4310 tio
262 4261 351 4309 dixit.“
368 4259 441 4310 Gonf.
450 4261 495 4308 int.
507 4262 539 4308 ad
550 4262 650 4323 Petron.
663 4259 714 4310 su.
730 4259 770 4308 ⁸2
810 4258 876 4307 euim
893 4258 979 4319 rrraqai
989 4257 1094 4315 laboris,
1110 4273 1182 4318 quem
1190 4257 1306 4319 plerique
1309 4255 1358 4317 su-

254 4341 344 4389 Durus
365 4355 509 4402 componere
530 4353 624 4388 rasus.
662 4337 771 4388 Omnino
810 4339 905 4401 ρίιιιιι,
931 4351 1007 4398 qaam
1029 4337 1169 4397 plurimum
1192 4335 1311 4384 scribere:
1333 4341 1358 4383 et

219 4420 306 4470 melior
323 4420 446 4469 sententia
462 4433 494 4467 ex
511 4416 769 4479 hocordineproilue·
811 4416 914 4464 deinde:
940 4415 1000 4462 haec
1027 4419 1087 4462 suat
1109 4430 1172 4477 quaa
1194 4415 1313 4464 clamores
1334 4421 1359 4464 et

174 4493 176 4495 ’
221 4509 272 4549 ret:
300 4502 393 4550 Durus
418 4513 560 4563 corupoaere
585 4511 685 4547 maus:
706 4497 769 4545 Cum
789 4506 792 4535 2
812 4493 991 4543 adrniratioues
1015 4493 1041 4541 ia
1062 4491 1129 4542 bouis
1146 4494 1288 4544 oratoribus
1305 4495 1358 4556 eff-
