3542 5634
947 333 957 362 N

682 452 864 516 LIBER
909 454 934 516 I.

279 633 478 698 Abdiderint
499 632 615 697 furtim
639 633 732 698 terris
755 645 789 698 et
812 634 957 718 imagine
981 657 1071 700 cerea

279 737 414 823 Largior
435 738 551 803 arserit
571 737 676 822 ignis,
703 744 737 804 et
759 744 814 821 ut,
840 760 907 803 non
931 740 1025 804 testis
1051 740 1194 821 inultus,
1273 772 1276 776 ·

280 840 469 905 Horruerim
492 862 586 906 voces
611 840 784 906 Furiarum
808 847 841 906 et
863 841 950 908 facta
974 843 1121 907 duarum.

279 943 381 1026 Nam,
406 943 552 1029 displosa
575 949 671 1008 sonat
694 949 856 1028 quantum
878 945 1002 1028 vesica,
1027 945 1144 1030 pepedi

282 1045 416 1110 Diffissa
437 1051 521 1111 nate
543 1046 641 1123 ficus3
668 1052 703 1111 at
726 1047 803 1112 illae
827 1069 956 1112 currere
980 1048 1016 1112 in
1038 1048 1160 1113 urbem.

279 1147 435 1214 Canidiae
458 1149 591 1232 dentes,
615 1149 720 1214 altum
746 1151 894 1235 Saganae
916 1150 1118 1216 caliendrum

280 1250 439 1315 Excidere
462 1256 560 1336 atque
583 1251 699 1316 herbas
722 1257 821 1337 atque
843 1252 1013 1318 incantata
1040 1251 1168 1318 lacertis

277 1353 436 1435 Vincula,
460 1375 536 1418 cum
559 1375 680 1438 magno
703 1354 835 1441 risuque
858 1354 992 1441 iocoque
1015 1355 1150 1420 videres.

233 1490 361 1551 puetarum
377 1491 554 1538 cousuetudine
570 1505 650 1553 nuper
666 1490 693 1538 in
710 1492 781 1541 Mne·
821 1492 890 1541 Fieri
898 1498 977 1554 potest
987 1492 1065 1541 utalii
1076 1492 1156 1540 iocum
1168 1492 1193 1539 in
1205 1505 1232 1539 re
1246 1493 1293 1540 ista
1304 1492 1370 1540 inve·

233 1583 337 1630 mosyne
358 1568 474 1617 Leidensi
494 1570 677 1618 emendandum
697 1572 783 1632 putavi
822 1571 892 1619 uiant
913 1573 994 1620 nescio
1015 1585 1088 1634 quern
1110 1571 1231 1634 lepidum.
1252 1571 1371 1619 Horatius

233 1648 324 1710 Virgil.
342 1647 433 1710 Georg.
443 1647 464 1695 1.
479 1649 503 1696 2
516 1652 652 1698 Aminneas
660 1652 784 1713 clarisque
823 1649 925 1697 fortasse
947 1649 1056 1712 scripsit:
1083 1651 1196 1712 Dr'ffissa
1216 1653 1277 1697 uate
1292 1650 1370 1698 uisus.

233 1727 461 1788 adiungeremus,
478 1728 678 1788 proMaecenas,
696 1730 782 1777 marris·
823 1727 879 1788 Quo
902 1729 975 1776 modo
991 1730 1161 1791 Vespasianus
1187 1727 1252 1790 apud
1270 1726 1371 1775 Sueten.

232 1819 280 1865 que
296 1806 432 1865 adiungere
442 1807 514 1853 vites.
536 1804 600 1853 Rem
614 1820 712 1868 quoque
729 1807 783 1855 atti·
822 1805 862 1854 20.
902 1808 1007 1854 Vultum
1029 1809 1109 1855 veluti
1129 1807 1234 1855 nitentis
1256 1807 1372 1854 habuisse

233 1883 271 1943 git
278 1883 364 1931 Burm.
379 1884 411 1931 ad
423 1881 553 1932 Claudian.
562 1885 590 1931 in
602 1885 686 1934 Rufin.
696 1886 717 1934 Ι.
726 1886 784 1935 353.
822 1891 946 1932 narratur.

267 1962 380 2023 Drfflssa
396 1966 457 2010 nate
469 1961 546 2023 fimes.
579 1961 687 2026 Priapus
710 1977 785 2026 supra
857 1968 895 2012 Ar
915 1965 976 2012 iliae
991 1977 1093 2012 currere
1109 1965 1136 2010 s'u
1153 1965 1246 2010 urbem.
1267 1960 1369 2010 Malim:

234 2039 345 2087 dixemt:
371 2041 430 2087 alim
456 2045 562 2089 truncus
578 2056 648 2088 eram
662 2042 783 2101 ficulnus
826 2046 862 2090 Ar
878 2043 938 2090 illas
955 2056 1056 2090 currere
1073 2044 1101 2089 r'u
1118 2043 1216 2097 urbem,
1246 2039 1371 2088 Canidiae

231 2117 314 2164 Faber
332 2132 373 2165 me
390 2117 447 2165 fecit
464 2118 554 2166 Deum.
584 2119 646 2166 Inde
657 2133 704 2181 ego
715 2119 785 2167 Deus
824 2122 909 2168 dentes
925 2134 961 2181 sq.
979 2117 1021 2167 Sic
1036 2119 1083 2166 ista
1099 2133 1149 2166 uno
1166 2125 1252 2165 tenore
1268 2115 1370 2164 celerius

231 2198 343 2245 maxima
364 2197 471 2245 formido
491 2213 547 2246 sum
568 2197 655 2245 avibus
678 2203 702 2246 et
722 2197 784 2247 furi·
824 2205 879 2246 acta
895 2197 1066 2246 ostenduntur.
1083 2197 1189 2246 Videres
1198 2195 1253 2242 illas
1263 2208 1371 2250 currere,

231 2275 286 2325 bus.
319 2277 353 2324 Et
375 2277 454 2324 omnis
472 2277 550 2324 oratio
570 2277 656 2338 Priapi
678 2283 715 2325 est
734 2277 784 2325 vel·
825 2275 944 2325 Canidiae
966 2276 1063 2332 dentes,
1082 2275 1197 2336 Saganae
1219 2273 1370 2322 caliendrum

231 2360 261 2399 nt
282 2355 339 2403 Dei.
373 2353 425 2403 Cur
445 2354 485 2401 hic
501 2369 527 2401 se
544 2353 678 2416 appellaret
687 2354 784 2416 ficum?
825 2363 850 2403 et
867 2355 955 2403 herbas
972 2363 996 2403 et
1014 2354 1114 2402 vincula
1135 2353 1247 2401 excidere
1269 2353 1371 2400 videres.

726 2497 885 2518 *Or—-

641 2638 858 2703 SATIRA
898 2639 958 2702 IX.

322 2765 422 2844 Ibam
446 2780 529 2867 forte
551 2780 616 2844 Via
639 2800 747 2860 sacra,
773 2779 859 2844 sicut
883 2802 975 2846 meus
1000 2787 1051 2846 est
1073 2803 1163 2862 mos,

278 2884 396 2949 Nescio
421 2870 512 2968 quid'
523 2883 687 2947 meditans
711 2904 889 2967 nugarum,
915 2890 1004 2948 totus
1030 2883 1064 2947 in
1088 2885 1172 2961 illis3

276 2986 428 3052 Accurrit
451 2985 586 3069 quidam
610 2989 708 3048 notus
732 2984 816 3048 mihi
840 2986 972 3050 nomine
1000 2991 1144 3067 tantum,

275 3092 479 3172 Arreptaque
501 3109 620 3150 manu:
646 3085 758 3167 „Quid
781 3087 871 3170 agis,
897 3087 1087 3151 dulcissime
1109 3092 1260 3152 rerum?“

402 3277 538 3326 SATIRA
561 3277 600 3325 IX
818 3248 868 3295 tius
878 3248 1029 3308 coniungere
1040 3247 1120 3296 solent
1131 3249 1194 3310 quid
1204 3263 1302 3307 ranas,
1321 3249 1367 3298 hoc

604 3316 609 3325 ’
819 3341 921 3375 movere
937 3340 982 3375 nos
998 3341 1050 3374 non
1062 3326 1141 3384 debet,
1153 3333 1181 3374 ut
1197 3334 1222 3374 et
1233 3328 1364 3376 Horatium

265 3369 350 3454 Ibam
357 3406 430 3464 sarde
445 3409 487 3456 via
499 3407 588 3457 Sacra.
611 3405 778 3456 Bentleiusde
819 3404 859 3452 hic
875 3405 1033 3453 coniunxisse
1049 3404 1193 3453 iudicemus.
1213 3408 1363 3454 Dulcisstme

231 3497 277 3531 suo
291 3484 406 3532 inseruit:
425 3487 502 3535 Ibam
515 3493 543 3534 ut
554 3487 635 3548 sorte.
658 3483 778 3546 Displice-
817 3499 903 3531 reram
920 3484 1000 3545 magis
1017 3484 1134 3532 convenit
1151 3483 1252 3546 ingenio
1269 3484 1363 3546 garruli

231 3561 292 3609 bant
300 3563 322 3610 ei
331 3564 442 3625 vulgata,
452 3573 578 3628 tamquam
588 3564 693 3622 concisa,
701 3563 777 3611 disse
817 3561 933 3620 hominis,
952 3563 1056 3612 Horatio
1073 3563 1173 3611 nomine
1189 3571 1286 3614 tantum
1304 3565 1364 3621 noti,

235 3639 436 3692 lutaethiantia:
448 3643 513 3692 ibam
526 3645 568 3691 vis
576 3657 652 3692 sacra
661 3642 777 3690 Accurrit
818 3655 924 3704 eumque
941 3642 1100 3705 alloquentis,
1117 3642 1187 3706 quasi
1209 3645 1259 3692 iam
1276 3659 1291 3693 a
1307 3659 1365 3707 pue·

231 3719 293 3766 mihi
307 3722 414 3783 quidam.
440 3722 593 3785 Equidemsi
611 3729 652 3782 ut,
669 3722 735 3786 quod
752 3722 776 3768 in
806 3720 851 3780 ⁴ris
868 3721 972 3770 maximi
989 3722 1063 3770 amici
1084 3721 1195 3772 fuissent.
1227 3725 1363 3774 Ruhnken.

233 3799 302 3848 nullo
314 3799 375 3850 cod.
398 3802 497 3863 legitur,
516 3801 641 3864 legeretur
657 3801 682 3848 in
699 3801 778 3848 omni·
817 3800 849 3846 ad
865 3799 966 3848 Terent.
983 3817 1006 3864 p.
1026 3803 1080 3850 lm.
1095 3802 1232 3862 annotavit,
1250 3804 1364 3868 frequens

232 3876 286 3936 bus,
296 3880 376 3941 potius
386 3879 502 3928 delerem.
519 3881 552 3930 In
560 3881 663 3942 abrupto
677 3894 777 3938 narran-
817 3892 870 3926 esse
895 3880 960 3941 apud
984 3881 1069 3942 poetas
1089 3883 1256 3942 pulcherrime
1280 3899 1365 3932 rerum

232 3959 264 4008 tis
276 3959 316 4006 ira
331 3966 356 4008 et
372 3960 509 4022 indignatio
523 3959 572 4007 iam
584 3959 667 4007 statim
678 3959 777 4006 eminet.
817 3973 863 4020 pro
882 3961 1050 4019 pulcherrime
1077 3961 1203 4008 homiuum
1244 3960 1364 4008 Formula

269 4042 416 4102 Quidaqis,
427 4038 687 4088 animamarum?
703 4039 778 4086 Prae·
818 4037 880 4085 mihi
897 4037 931 4084 sic
950 4037 1096 4099 explicanda
1117 4038 1227 4086 videtur:
1249 4041 1363 4100 pulchrr-

234 4120 287 4168 fero
304 4119 373 4167 alteri
391 4117 556 4176 distinctioni,
571 4119 634 4179 quid
650 4120 713 4180 apis,
724 4119 778 4166 dul·
818 4120 897 4172 rime,
914 4112 1057 4164 dulcissime
1073 4132 1173 4174 rerum,
1198 4123 1235 4164 est
1251 4117 1363 4166 omnium

231 4200 340 4255 chum,
357 4200 457 4246 rerum?
482 4197 538 4246 Iam
559 4194 619 4244 olim
640 4198 671 4244 de
688 4211 715 4244 re
731 4198 779 4244 ista
819 4209 915 4252 rerum,
941 4207 1109 4258 quaecumque
1129 4195 1221 4258 ubique
1243 4196 1270 4244 in
1290 4198 1363 4246 terris

231 4277 307 4325 hrisse
324 4278 470 4335 dubitatum,
487 4282 590 4339 apparet
602 4290 634 4324 ex
646 4273 778 4323 Commen-
819 4272 1051 4332 sunt,dulcissims,
1061 4274 1226 4336 pulcherrime
1237 4282 1294 4324 ante
1311 4293 1362 4326 om-

233 4364 320 4416 tatore,
337 4357 380 4419 qui
404 4359 474 4406 docet
498 4355 610 4404 ordinem
627 4367 692 4402 esse:
718 4354 778 4415 quid
820 4351 869 4399 nia.
903 4351 957 4398 Iam
975 4365 1013 4398 res
1030 4366 1127 4412 ornnes,
1144 4351 1239 4414 omnia,
1257 4357 1362 4420 compla-

232 4453 319 4485 reram
335 4439 397 4498 apte.
431 4435 504 4495 Quod
521 4432 626 4480 Plautus
644 4439 668 4479 et
685 4432 778 4480 Teren·
820 4438 920 4479 ctuntur
945 4443 1042 4492 quoque
1068 4433 1183 4482 hanzines.
1224 4434 1290 4484 Illud
1315 4453 1363 4487 oar·
