3542 5634
416 539 478 604 156
529 487 532 494 ⁵
762 475 1151 598 'sarralaun

457 723 553 788 Nunc
577 709 722 788 veterum
745 719 850 803 libris,
875 739 962 783 nnnc
986 735 1100 790 somno
1123 716 1156 777 et
1178 709 1337 776 inertibus
1360 709 1447 775 horis

458 828 582 892 Ducere
606 825 765 892 sollicitae
787 822 931 889 iucunda
953 818 1075 884 oblivia
1097 815 1203 881 vitae?

458 929 486 997 Ο
509 929 638 1016 quando
661 929 738 994 faba
761 926 967 1012 Pythagorae
990 925 1131 1008 cognata
1152 917 1316 1013 simulque

457 1033 567 1100 Uncta
589 1031 670 1098 satis
692 1029 809 1117 pingui
830 1032 995 1114 ponentur
1017 1022 1165 1088 oluscula
1186 1019 1298 1085 lardo?

457 1136 486 1203 0
508 1141 620 1202 noctes
644 1155 824 1219 coenaeque
848 1131 974 1211 Derim,
999 1128 1116 1214 quibus
1141 1125 1211 1210 ipse
1234 1122 1362 1208 meique
1391 1216 1394 1220 A

455 1238 544 1305 Ante
567 1239 682 1303 Larem
705 1235 873 1322 proprium
896 1252 1022 1313 vescor,
1046 1249 1226 1313 vernasque
1247 1247 1396 1311 procaces

456 1343 559 1408 Paseo
581 1341 693 1407 libatis
717 1339 878 1426 dapibus?
925 1337 1027 1400 Prout
1050 1333 1166 1418 cuique
1188 1330 1292 1395 libido
1316 1336 1383 1411 est,

457 1445 565 1512 Siccat
587 1443 775 1529 inaequales
799 1441 916 1508 calices
935 1436 1072 1504 conviva
1094 1435 1221 1500 solutus

457 1547 599 1634 Legibus
622 1547 765 1629 insanis,
790 1567 848 1611 seu
868 1543 942 1631 quis
966 1540 1055 1626 capit
1074 1538 1162 1604 acria
1180 1536 1275 1602 fortis

449 1691 533 1739 Uncto
554 1693 617 1740 saria
636 1692 728 1754 pinpui
748 1694 874 1752 ponentur
890 1688 955 1735 clua-
996 1686 1019 1737 0
1035 1688 1123 1752 dapes,
1139 1688 1229 1753 quibus
1252 1687 1304 1750 ipse
1324 1701 1422 1745 vescor,
1443 1692 1468 1734 et
1489 1685 1546 1748 qui-

410 1770 470 1818 culo
491 1771 569 1818 lardo.
603 1769 732 1818 Bentleius
756 1773 839 1830 rogat,
864 1780 896 1814 an
921 1765 956 1814 le·
996 1767 1041 1815 bus
1058 1767 1153 1824 libatis,
1174 1781 1281 1831 quarum
1306 1765 1430 1829 reliqniis,
1453 1780 1546 1813 vernas

411 1849 519 1911 gendum
537 1849 568 1897 sit
578 1849 659 1911 soca:
681 1846 738 1912 quia
759 1849 821 1895 satir
836 1846 956 1908 ignavum
996 1850 1080 1910 pasco!
1114 1849 1163 1896 Est
1183 1846 1333 1896 oomtrucfio
1354 1860 1398 1909 per
1418 1845 1545 1894 attractio

411 1934 436 1977 et
452 1929 535 1977 versui
552 1929 674 1976 duntaxat
689 1927 849 1976 sustentando
869 1931 955 1972 natum
995 1940 1066 1986 nem,
1083 1926 1163 1989 qualis
1181 1926 1225 1975 illa
1242 1927 1316 1977 Satir.
1333 1925 1463 1976 11.11.5e.
1491 1927 1544 1975 Ca-

412 2007 517 2056 videtur.
536 2007 642 2056 Videtur
658 2014 682 2056 et
694 2005 886 2067 Meinekio,qui
897 2017 956 2052 con-
995 2006 1036 2053 iae
1055 2008 1151 2054 odorem
1168 2007 1215 2054 otei
1231 2021 1338 2069 nequeas
1352 2007 1479 2069 perferre,
1496 2019 1545 2067 pro

409 2086 475 2144 iioit,
506 2083 594 2148 sabis:
625 2086 723 2149 quando
745 2084 812 2143 faba,
834 2083 956 2147 simulque
995 2087 1086 2141 oham,
1103 2086 1174 2132 euius
1188 2087 1292 2134 odorem.
1320 2084 1403 2133 Coena
1419 2089 1502 2131 antem
1516 2089 1545 2132 et

409 2179 466 2214 cnm
483 2165 544 2213 fabis
561 2173 683 2229 ponentur
699 2164 826 2214 oluscula?
844 2170 872 2210 ut
887 2163 956 2226 saba
995 2164 1072 2224 dapes
1088 2161 1218 2222 differunt3
1235 2177 1311 2212 coena
1327 2163 1467 2221 siclocum,
1479 2169 1543 2211 tem-

409 2243 498 2292 habeat
513 2246 565 2294 virn
582 2246 743 2294 collectivam.
776 2245 833 2307 Ego
849 2241 953 2290 conieci:
994 2255 1053 2303 pus,
1070 2240 1203 2300 convivas,
1218 2243 1295 2306 dapes
1310 2244 1392 2292 cibum
1408 2243 1542 2306 significat.

416 2325 502 2372 Uncto
523 2326 576 2373 suis
592 2327 683 2387 pinpui
697 2329 823 2386 ponentur
840 2323 954 2372 oluscula
994 2320 1113 2368 Horatius
1137 2321 1255 2369 describit
1274 2337 1373 2372 coenam
1397 2322 1543 2378 Nasidieni,

409 2403 489 2452 lardo.
528 2403 662 2467 Proprium
686 2409 739 2452 erat
763 2404 817 2452 sais
839 2404 953 2466 pinquis,
993 2409 1018 2449 ot
1033 2416 1094 2464 quas
1110 2403 1185 2465 dapes
1202 2401 1321 2450 attulerit.

408 2496 483 2531 sonus
501 2483 551 2533 fere
568 2484 682 2548 exigebat
690 2485 786 2547 pinpui.
820 2483 953 2532 Adiectiva
1025 2481 1176 2531 Doderlinus
1193 2482 1219 2529 in
1234 2497 1308 2545 parco
1325 2482 1413 2530 libatis
1424 2482 1543 2544 daptbus,

408 2559 549 2612 huiusmodi
565 2563 656 2612 centies
680 2562 711 2611 ab
728 2577 778 2611 nno
795 2563 826 2610 ad
847 2562 953 2611 alterum
993 2562 1085 2625 cogitat
1114 2563 1287 2610 tantummodo
1313 2559 1405 2607 libatis.
1446 2557 1542 2608 Omnes

407 2640 590 2691 substantivum
614 2633 798 2690 transferuntur
822 2656 837 2689 a
861 2642 952 2704 potitis,
993 2641 1108 2705 reliquias
1130 2640 1213 2690 vernis
1230 2641 1306 2698 cedit,
1330 2638 1394 2687 nihil
1422 2638 1449 2686 in
1472 2639 1541 2686 diem

408 2719 537 2783 vulgarem
554 2735 705 2780 sermonem,
727 2728 847 2785 quantum
864 2721 953 2784 possit,
993 2722 1128 2770 crastinum
1144 2728 1234 2769 servat.

407 2799 551 2848 vitantibus.
583 2801 716 2859 Horatius,
733 2815 884 2865 quamquam
895 2800 953 2848 scri·
1028 2801 1078 2849 Seu
1094 2803 1151 2863 quis
1167 2801 1237 2862 capit
1252 2801 1325 2848 acria
1333 2799 1415 2861 sortis
1432 2798 1542 2857 Pocula,

407 2878 871 2942 bemrermoripropiora,idemfecit.
888 2880 953 2929 Vul-
993 2895 1037 2930 sea
1059 2882 1161 2930 modieis
1184 2880 1276 2928 aaron
1294 2880 1392 2927 laetias.
1425 2874 1542 2925 Conviva

408 2972 468 3020 gare
484 2964 520 3006 est
536 2957 635 3007 lardum
651 2961 752 3021 pinquis
767 2961 832 3017 aab,
850 2965 877 3006 nt
895 2972 952 3010 ae.
993 2960 1090 3009 solutus
1107 2967 1144 3008 est
1159 2959 1264 3021 legibus.
1289 2958 1360 3008 Bibit
1375 2957 1480 3021 quisque
1494 2970 1541 3019 pro

408 3037 475 3086 Plin.
496 3038 530 3087 H.
555 3038 587 3087 N.
613 3037 745 3088 XXVHI.
774 3040 811 3090 17.
845 3038 954 3087 Merrae
993 3039 1087 3098 lubitu,
1110 3045 1138 3087 ut
1160 3045 1272 3098 uveseat3
1293 3052 1353 3085 nam
1369 3036 1440 3085 siccis
1456 3034 1542 3083 omnia

407 3119 462 3166 saie
478 3119 591 3175 lardum,
609 3119 689 3168 tabo
706 3123 802 3181 pastae.
993 3120 1056 3167 dura
1075 3118 1145 3166 Deus
1165 3116 1304 3180 proposuit,
1329 3130 1409 3180 neque
1434 3115 1462 3162 in
1482 3128 1541 3162 oon·

440 3197 589 3246 Doderlinus
605 3196 691 3245 laudat
701 3196 886 3254 Heindorfium,
899 3196 952 3245 iun·
994 3197 1061 3246 rivio
1081 3197 1155 3245 hilari
1176 3195 1300 3244 feruntur.
1333 3194 1411 3244 Uridi
1427 3193 1542 3243 animum

407 3282 506 3339 gentem
522 3282 601 3326 aneta
616 3278 686 3325 sotis.
992 3284 1017 3327 et
1034 3278 1138 3326 frontem
1154 3277 1248 3326 laetitia
1264 3276 1395 3338 explicant.
1420 3274 1541 3334 Hie,for·

443 3357 466 3404 0
486 3361 568 3404 noctes
589 3370 723 3418 comaeque
746 3357 842 3413 Deam,
862 3356 952 3417 quibus
993 3359 1037 3419 tis,
1054 3359 1119 3406 aena
1135 3356 1222 3420 poeula
1238 3356 1311 3419 capit.
1337 3355 1479 3418 Utrumque
1496 3356 1542 3403 ad-

408 3435 461 3498 ipte
477 3436 572 3497 meique
590 3437 658 3483 Ante
669 3436 761 3483 Larem
770 3438 904 3498 proprium
914 3451 952 3484 ce·
991 3439 1107 3488 iectivum
1117 3436 1243 3485 notionem
1252 3434 1386 3484 celeritatis
1398 3434 1425 3481 in
1436 3433 1543 3482 bibendo

407 3529 470 3563 ocor.
504 3513 639 3563 Considera
654 3513 716 3562 mihi
732 3515 790 3562 ista:
820 3516 842 3561 0
857 3529 952 3574 coenae,
991 3517 1105 3567 involvit.
1139 3516 1194 3565 Iam
1211 3516 1283 3579 forti
1303 3521 1328 3563 et
1344 3516 1417 3564 aerea
1431 3514 1542 3577 capienti

407 3595 496 3656 quibus
512 3596 619 3657 dapibus
634 3609 716 3642 vescor
732 3600 757 3642 et
768 3607 857 3641 anuos
867 3609 951 3655 pasco.
991 3598 1125 3660 opponitur
1141 3596 1195 3653 ille,
1212 3595 1255 3660 qni
1271 3597 1364 3643 laet-iar
1379 3593 1474 3642 uvescit
1485 3609 1541 3642 mo·

407 3673 567 3722 Videnturne
591 3670 680 3721 Latine
704 3673 784 3720 dictat
822 3673 953 3734 Quomodo
991 3677 1064 3730 dieis.
1088 3675 1131 3738 qui
1154 3676 1246 3724 laetius
1270 3672 1335 3737 capit
1359 3673 1463 3721 modica.
1499 3673 1541 3724 Sic

407 3752 569 3814 accipiemus?
602 3750 624 3800 Ο
646 3765 747 3810 coenae,
768 3751 842 3814 dapes
862 3750 951 3813 quibus
991 3757 1082 3803 laetius
1103 3770 1160 3804 cnm
1175 3755 1348 3818 interpretibus
1369 3755 1541 3818 accipiendum

408 3845 506 3890 vescor;
523 3832 585 3879 dura
600 3837 638 3880 est
662 3833 793 3895 appositio:
818 3831 951 3894 distingue·
991 3849 1036 3897 pro
1052 3837 1185 3895 literatius,
1203 3835 1269 3898 quod
1284 3848 1372 3885 uereor
1388 3834 1467 3882 uthie
1477 3834 1541 3884 bene

407 3927 463 3962 mus
480 3928 578 3962 coenam
596 3919 620 3962 et
636 3914 724 3976 depes,
741 3919 782 3970 ut,
798 3911 820 3960 si
836 3912 870 3960 sic
895 3925 950 3959 con-
991 3914 1080 3964 Latine
1096 3915 1199 3964 dicatur.
1233 3917 1324 3974 Lacte,
1340 3921 1411 3977 puto,
1432 3917 1541 3974 uveam,

407 3993 557 4058 iunguntur,
583 4008 633 4042 non
657 3993 732 4056 plane
764 3993 829 4041 idem
859 3991 951 4056 signiti-
990 3996 1033 4057 qni
1048 4002 1104 4058 post
1120 3995 1205 4043 vinnm
1223 3998 1306 4045 Metus
1322 4002 1371 4054 est,
1384 4009 1436 4044 non
1446 3995 1536 4054 tristis,

406 4076 480 4123 cant?
497 4075 564 4123 deest
579 4074 679 4138 copula,
697 4089 710 4122 o
727 4088 813 4123 coenae
830 4078 856 4122 et
865 4074 950 4136 dapes:
991 4088 1041 4122 non
1057 4088 1179 4133 morosus,
1206 4089 1256 4123 non
1280 4074 1392 4138 querelas
1408 4089 1454 4123 nee
1470 4074 1540 4123 rixas

406 4170 439 4204 an
454 4154 566 4218 legemus
582 4170 626 4218 per
643 4153 857 4214 exclamationem
875 4168 950 4202 ocoe-
991 4168 1100 4202 movens.
1118 4153 1248 4204 Sententia
1254 4154 1342 4203 melior
1355 4153 1470 4202 exsistet:
1487 4155 1540 4203 Seu

406 4217 454 4284 irae
464 4233 558 4284 Deum!
576 4233 665 4298 quibus
673 4234 775 4297 dapibus
784 4236 880 4282 vescor!
893 4233 950 4282 Ele·
991 4235 1094 4283 modieis
1110 4235 1323 4285 creditatorios.
1351 4233 1538 4285 commentator

406 4314 505 4377 gentius
530 4328 558 4362 ac
583 4314 718 4378 simplicius
743 4321 789 4362 est:
822 4315 845 4362 0
869 4318 952 4362 noctes
991 4315 1026 4363 ait
1042 4318 1138 4366 modica
1156 4324 1180 4364 et
1201 4317 1273 4366 aerio
1289 4317 1356 4364 dieta
1371 4330 1425 4366 esse
1441 4330 1474 4364 ex
1492 4329 1537 4363 an·

405 4409 540 4458 coenasque
556 4393 653 4453 Datim,
669 4395 782 4457 equum
792 4397 846 4457 ipse
856 4394 951 4456 meique
989 4395 1085 4443 tithesi:
1105 4396 1181 4455 addo,
1199 4397 1281 4444 Ιιιιιιιι
1298 4403 1323 4444 et
1332 4396 1417 4459 fortia
1432 4410 1536 4460 quoquc.

407 4471 474 4521 Ante
491 4474 583 4522 Larem
597 4473 729 4535 propriam
745 4487 839 4531 curor,
850 4486 950 4521 omos·
1023 4475 1172 4525 Doderlinus
1178 4465 1536 4537 interpretatur:„Sioeatcon·

406 4568 453 4615 que
471 4567 587 4616 procaces
614 4555 695 4603 Pareo
719 4555 806 4602 libatis
830 4553 949 4614 duptam!
991 4553 1049 4603 viva
1076 4555 1164 4604 calices
1189 4553 1342 4617 inaequales,
1369 4554 1408 4602 vel
1434 4556 1454 4604 si
1481 4556 1536 4618 quis
