3542 5634
671 466 853 537 LIBER
901 474 926 537 I.

194 653 198 660 ’
274 657 372 723 Hunc
395 680 511 723 vexare
534 658 659 740 locum,
684 680 779 724 curae
802 665 880 724 sunt
904 665 1001 744 atque
1024 660 1146 743 labori,

272 762 441 842 Quantum
464 761 663 827 carminibus
687 783 770 847 quae
791 766 925 827 versant
947 768 1045 848 atque
1067 765 1201 830 venenis

274 863 446 929 Humanos
470 864 607 929 animos.
657 865 726 929 Has
751 865 843 930 nullo
863 865 997 950 perdere
1018 887 1153 951 possum

274 967 343 1032 Nee
362 967 533 1051 prohibere
556 966 671 1049 modo,
696 967 796 1033 simul
818 991 855 1034 ac
876 990 962 1053 vaga
982 969 1062 1033 luna
1085 968 1237 1034 decorum

274 1068 418 1136 Protulit
440 1087 494 1154 os',
518 1071 599 1157 quin
623 1092 698 1136 ossa
721 1073 835 1157 legant
857 1072 1039 1158 herbasque
1062 1079 1223 1139 nocentes.

274 1170 353 1235 Vidi
376 1179 507 1258 egomet
531 1173 627 1259 nigra
648 1175 846 1241 succinctam
869 1175 985 1240 vadere
1009 1176 1099 1260 palla

192 1264 202 1281 ’
274 1272 447 1341 Canidiam
468 1277 606 1362 pedibus
630 1278 728 1344 nudis
751 1301 912 1365 passoque
935 1278 1072 1364 capillo,

276 1376 358 1441 Cum
385 1379 515 1464 Sagana
535 1381 658 1445 maiore
681 1381 883 1458 ululantem;
909 1382 1015 1466 pallor
1037 1388 1192 1468 utrasque

274 1478 409 1546 Fecerat
431 1482 609 1548 horrendas
633 1484 799 1568 adspect.
849 1483 1000 1569 Scalpere
1024 1490 1143 1549 terram

274 1582 450 1668 Unguibus
472 1591 506 1650 et
528 1586 655 1670 pullam
676 1586 830 1652 divellere
851 1587 1016 1653 mordicus
1037 1609 1158 1673 agnam
1180 1615 1183 1621 ¹

275 1685 474 1771 Coeperunt3
502 1710 595 1754 cmor
616 1688 651 1754 in
675 1689 798 1756 fossam
821 1690 996 1773 confusus,
1019 1695 1058 1755 ut
1082 1690 1159 1756 inde

274 1789 388 1856 Manes
412 1792 566 1857 elicerent
591 1791 718 1858 animas
741 1815 899 1878 responsa
923 1794 1064 1859 daturas.

275 1891 384 1958 Lanea
406 1898 439 1959 et
460 1894 583 1979 effigies
606 1900 689 1978 erat,
715 1895 818 1973 altera
840 1918 946 1980 cerea,
969 1896 1092 1972 maior3
1121 1975 1126 1986 Ι

275 1996 403 2080 Lance,
428 2021 510 2084 quae
532 1999 647 2084 poenis
671 2005 890 2084 compesceret
911 1999 1116 2082 inferiorem,

275 2099 375 2165 Cerea
396 2101 587 2187 suppliciter
610 2102 736 2184 stabat,
761 2103 934 2168 servilibus
960 2108 999 2168 ut
1021 2125 1103 2188 quae

276 2205 348 2268 Iam
370 2204 515 2289 peritura
535 2203 651 2269 modis.
700 2205 848 2270 Hecaten
870 2209 967 2270 vocat
987 2206 1104 2289 altera,
1128 2229 1258 2272 saevam

273 2307 388 2372 Altera
409 2307 626 2393 Tisiphonen3
654 2314 820 2394 serpentes
844 2316 943 2394 atque
967 2309 1092 2375 videres

274 2410 422 2476 Infernas
447 2432 550 2476 errare
573 2433 688 2495 canes,
711 2412 890 2497 lunamque
911 2413 1099 2496 rubentem,

227 2582 338 2622 terarum
355 2575 395 2624 vel
411 2590 567 2640 quacumque
583 2578 614 2625 de
630 2591 718 2625 caussa
734 2591 776 2625 ex·
818 2593 924 2638 apuam,
940 2579 1008 2626 sicut
1024 2583 1089 2626 erut.
1123 2575 1215 2638 Iugulo
1232 2591 1282 2624 non
1298 2577 1367 2639 prius

227 2653 329 2712 cidisse,
352 2662 377 2703 et
397 2654 513 2704 lacunam
535 2671 567 2704 ex
585 2656 668 2719 glossa
684 2655 777 2704 interlie
817 2662 914 2719 aperto,
926 2663 954 2705 ut
965 2656 1067 2720 sanguis
1079 2655 1173 2704 facilius
1185 2655 1307 2714 efflueret,
1323 2670 1369 2704 nec
1405 2649 1406 2652 '

227 2732 298 2780 neari
315 2739 416 2781 tantum
433 2749 486 2784 esse
502 2735 648 2798 suppletam.
677 2735 778 2798 Optime
817 2735 880 2798 pelle
889 2735 954 2784 ferro
962 2735 1089 2798 deglupta,
1097 2735 1141 2782 sed
1150 2733 1265 2782 dentibus
1276 2748 1367 2796 agnam

227 2819 294 2859 certe
314 2811 453 2874 legeretur:
474 2814 538 2861 Cam
559 2816 624 2862 midi
644 2831 693 2863 non
710 2817 777 2862 volu·
817 2812 987 2873 diiulserunt,
1011 2814 1074 2861 sicut
1095 2819 1160 2868 erat,
1182 2826 1238 2861 cum
1260 2811 1323 2875 pelle
1343 2818 1367 2860 et

228 2904 285 2939 eres
294 2894 430 2953 jamque,
442 2893 567 2955 seraeque
582 2897 671 2940 suetae
698 2895 779 2941 Hunc
817 2894 890 2942 villis.
924 2895 991 2942 Nota
1015 2899 1053 2941 est
1077 2892 1184 2940 formula
1207 2895 1274 2941 sicut
1296 2897 1365 2945 erat,

226 2984 322 3018 cesare
333 2972 424 3027 lucum,
442 2986 519 3018 curae
531 2977 591 3017 aurit
603 2976 678 3030 utque
689 2972 777 3028 labori,
818 2971 852 3027 ὡς
870 2973 945 3034 εἶχεν,
963 2970 1026 3019 nihil
1042 2972 1067 3018 in
1085 2985 1152 3032 agna
1168 2977 1300 3028 mutantes,
1318 2976 1366 3018 sta·

231 3049 365 3106 Quantum
381 3063 417 3108 sq.
451 3048 482 3095 In
500 3049 580 3111 priore
597 3048 708 3096 membro
722 3055 778 3096 tun·
817 3048 863 3094 tim
884 3049 938 3097 sine
955 3063 1025 3096 mora
1041 3063 1096 3096 eam
1113 3049 1242 3111 arripiunt.
1277 3047 1366 3097 Confe-

228 3133 283 3174 tum
300 3126 436 3185 omittitur,
461 3133 486 3174 et
511 3126 551 3174 hic
568 3140 596 3174 eo
613 3126 713 3189 quidem
730 3125 777 3174 ele·
817 3133 906 3174 rantur
922 3128 1067 3189 interpretes
1091 3127 1123 3174 ad
1140 3127 1255 3188 Xenoph.
1273 3126 1365 3188 Ephes.

227 3205 345 3266 gentius,
365 3204 425 3267 quia
446 3205 554 3268 primum
576 3204 716 3267 legentibus
733 3205 777 3253 vix
817 3207 853 3254 Il.
875 3221 899 3268 p.
916 3205 973 3254 225.
995 3204 1032 3252 ed.
1054 3203 1166 3253 Harlem.
1200 3203 1364 3252 Marklandus

227 3283 304 3331 aliam
327 3283 474 3331 sententiam
496 3285 622 3346 suggerit,
640 3299 714 3347 quam
728 3301 778 3333 non
816 3284 882 3332 idem
908 3285 1014 3334 restituit
1038 3283 1118 3333 Statio
1135 3283 1196 3333 silv.
1214 3282 1249 3330 II.
1266 3295 1306 3330 111.
1323 3281 1362 3333 33.

226 3365 316 3412 colum.
348 3362 501 3426 Exemplum
520 3363 606 3411 omissi
623 3369 723 3411 tantum
740 3371 777 3412 est
817 3366 860 3413 Sic
877 3371 931 3413 iota
948 3381 1003 3413 cam
1021 3369 1086 3412 reste
1102 3365 1165 3410 ruit.
1188 3361 1313 3424 corrigens
1328 3365 1364 3411 sic

227 3443 255 3492 in
271 3442 370 3492 Horatii
386 3442 469 3492 Satira
483 3443 623 3495 11.111.87.
642 3445 778 3491 Frumenti
817 3449 845 3490 ut
857 3450 915 3491 erut
926 3459 981 3492 curn
994 3448 1058 3490 ueste
1068 3443 1129 3490 ruit.
1141 3440 1283 3502 Vulgatum
1292 3442 1363 3490 intel·

229 3528 355 3584 quantum
381 3524 453 3570 metit
479 3521 579 3584 Africa.
604 3522 684 3584 Epist.
706 3522 776 3571 11.1.
816 3522 862 3584 ligi
886 3537 938 3570 non
962 3527 1048 3584 potest.
1082 3521 1136 3569 Alii
1159 3519 1243 3568 locum
1265 3521 1363 3570 Horatii

228 3602 287 3652 257.
323 3603 352 3650 Si
377 3607 500 3664 qviantnm
525 3616 656 3663 cuperem,
680 3618 777 3664 possem
816 3604 851 3651 sie
867 3602 1037 3664 distinguunt,
1056 3607 1084 3648 ut
1099 3600 1210 3660 scalpere
1226 3602 1363 3662 pendeata

230 3696 332 3744 quoque.
816 3687 957 3743 coeperunt.
991 3680 1099 3738 Parum,
1115 3679 1199 3736 oredo,
1216 3678 1293 3728 iuvat.

264 3762 303 3808 Et
314 3762 411 3822 pullum
422 3762 538 3808 dicellere
549 3761 674 3810 mordicus
685 3777 776 3824 apuam
850 3762 999 3822 Lunamque
1013 3761 1141 3808 rubentem
1147 3775 1156 3818 ,·
1184 3757 1226 3807 n'e
1234 3761 1307 3822 soret
1324 3761 1364 3810 bia

233 3838 381 3898 Coeperunt.
422 3838 484 3887 Vidi
511 3837 641 3887 Canidiam
669 3841 775 3897 vadere,
817 3842 889 3889 testis
915 3846 974 3903 post
1004 3854 1096 3900 rrrnqaa
1131 3839 1210 3887 lutere
1238 3841 1362 3900 sepulcro.

230 3917 339 3979 scalpere
353 3924 457 3973 terram,
475 3924 499 3966 et
508 3917 624 3966 divellere
635 3928 775 3982 coepemnt.
816 3918 898 3980 „Cum
910 3919 936 3966 in
952 3916 1078 3981 Esquiliis,
1094 3915 1128 3964 ait
1144 3917 1303 3980 Doeringius,
1313 3934 1363 3968 nou

230 3996 293 4058 Quis
309 3997 445 4044 orationem
463 3997 524 4044 adeo
540 3996 660 4045 soloecam
677 3996 708 4044 ab
723 3997 776 4045 Ηο·
814 3999 977 4062 sepelirentur
1017 3997 1149 4051 beatiores,
1182 3996 1297 4060 sepulcra
1336 3999 1362 4046 in

230 4077 293 4125 ratio
313 4076 426 4138 componi
448 4075 557 4139 potuisse
576 4078 675 4126 credat?
708 4077 776 4125 Lati·
816 4077 896 4124 altum
932 4081 1058 4124 exstructa
1089 4075 1195 4136 intelligi
1227 4085 1361 4138 nequeunt.

230 4156 294 4204 nitas
315 4154 404 4202 saltem
424 4154 564 4218 postulabat
581 4157 693 4218 coepisse.
727 4154 776 4205 Sed
815 4155 934 4217 Intelligo
945 4155 1022 4218 igitur
1038 4153 1150 4216 sepulcra
1165 4156 1284 4213 recentia,
1301 4171 1361 4219 quo·

230 4234 352 4283 veneficas
369 4249 419 4282 non
434 4237 775 4298 coepisaedirellercagnam,
814 4248 871 4281 rum
894 4234 985 4282 tumuli
1000 4235 1104 4281 maiores
1125 4234 1225 4282 caeteris
1247 4248 1299 4282 esse
1321 4250 1360 4283 so-

231 4322 257 4364 at
278 4329 336 4362 vere
357 4315 501 4372 diaulaiaae,
526 4314 633 4362 ostendit
654 4330 728 4363 cruor
748 4316 775 4363 in
815 4314 892 4362 lent.“
934 4315 990 4363 Alii
1019 4315 1164 4377 interpretes
1192 4315 1239 4363 ista
1265 4317 1363 4367 silentio

223 4391 457 4456 sorsarnconsuras.
481 4393 548 4455 Quid
558 4393 652 4442 multa?
679 4395 776 4457 Legen-
815 4394 969 4457 praeteriisse
996 4394 1120 4442 videntur.
1161 4395 1280 4446 Horatius
1313 4398 1361 4447 for-

230 4473 304 4520 dum:
333 4478 359 4521 et
384 4474 483 4535 pullum
510 4475 627 4523 divellere
654 4477 778 4523 mordicus
815 4481 879 4522 tasse
904 4475 951 4522 hoc
975 4474 1063 4522 voluit:
1085 4473 1106 4521 si
1132 4474 1210 4522 multa
1242 4478 1362 4527 cadavera
