3542 5634
406 493 445 555 16
796 486 1150 555 SATIRARUM

446 673 567 741 Omnia
591 673 760 738 conductis
788 695 937 739 coemens
966 673 1102 738 obsonia
1125 672 1290 749 nummis3

446 776 603 843 Sordidus
627 780 725 861 atque
745 775 848 840 animi
871 777 958 861 quod
975 776 1067 861 parri
1089 776 1174 840 nolit
1194 776 1323 858 haberi,

444 879 641 965 Respondet.
690 878 858 944 Laudatur
878 880 920 943 ab
941 879 1009 971 iris,
1035 878 1187 963 culpatur
1208 878 1250 943 ab
1272 878 1349 942 illis.

444 981 594 1047 Fufidius
618 1003 744 1067 vappae
766 981 891 1046 famam
917 982 1013 1047 timet
1029 1005 1067 1048 ae
1088 983 1281 1067 nebulonis,

445 1084 545 1149 Dives
567 1082 671 1168 agris,
697 1083 787 1149 dives
809 1083 927 1168 positis
948 1084 983 1148 in
1007 1084 1139 1150 foenore
1155 1085 1310 1151 nummis.

445 1185 569 1265 Quinas
591 1185 643 1251 hic
662 1185 763 1272 capiti
782 1188 947 1252 mercedes
968 1192 1116 1270 exsecat,
1138 1193 1237 1273 atque

444 1289 575 1369 Quanto
593 1288 751 1373 perditior
773 1290 911 1375 quisque
934 1297 1003 1372 est,
1032 1295 1125 1356 tanto
1148 1291 1254 1356 aerius
1275 1296 1371 1376 urget
1378 1317 1387 1368 3

444 1392 588 1457 Nomina
610 1396 774 1475 sectatur,
799 1392 897 1457 modo
923 1398 1034 1458 sumta
1056 1398 1146 1458 veste
1169 1393 1277 1475 virili,

445 1494 514 1561 Sub
535 1494 684 1579 patribus
709 1494 799 1559 duris
820 1494 974 1559 tironum.
1023 1496 1235 1580 ,‚Maxime‚“
1260 1496 1333 1581 quis
1357 1515 1441 1576 non,

445 1596 635 1683 ,‚Iupiteri“
657 1598 835 1682 exclamat,
860 1598 961 1664 simul
984 1603 1083 1685 atque
1106 1601 1250 1678 audivit;
1277 1605 1336 1683 „at
1358 1601 1393 1663 in
1418 1620 1452 1664 se

445 1701 508 1764 Pro
532 1706 671 1786 quaestu
695 1705 842 1766 sumtum
865 1700 947 1767 facit
969 1700 1070 1766 hio?“
1118 1702 1184 1768 Vix
1207 1704 1335 1769 credere
1357 1699 1482 1787 possis,

445 1801 552 1881 Quam
576 1801 639 1868 sibi
662 1824 729 1868 non
753 1803 797 1868 sit
820 1804 966 1887 amicus,
991 1804 1039 1869 ita
1062 1810 1100 1869 ut
1122 1811 1216 1890 pater
1237 1806 1312 1889 ille,
1336 1802 1466 1870 Terenti

446 1904 574 1970 Fabula
597 1927 693 1991 quem
717 1905 875 1971 miserum
898 1911 1000 1991 gnato
1022 1906 1147 1973 vixisse
1170 1907 1285 1993 fugato

445 2008 596 2091 inducit,
621 2030 688 2072 non
712 2030 746 2075 se
769 2008 862 2094 peius
887 2008 1081 2074 cruciaverit
1103 2016 1202 2096 atque
1224 2011 1286 2076 hio.

446 2110 481 2176 si
505 2109 578 2195 quis
603 2132 690 2177 nunc
714 2118 867 2197 quaerat:
894 2111 990 2194 „Quo
1013 2134 1064 2177 res
1087 2113 1168 2178 haec
1191 2113 1376 2199 pertinet?“
1416 2112 1515 2176 Illuc:

446 2214 535 2278 Dum
558 2212 667 2279 vitant
690 2215 786 2280 stulti
810 2215 910 2297 vitia,
934 2215 969 2280 in
994 2216 1156 2281 contraria
1179 2222 1323 2281 currunt.

400 2411 467 2460 Vide
488 2412 575 2460 Burm.
601 2414 632 2461 sd
657 2414 770 2477 Propert
792 2414 843 2463 111.
869 2428 907 2463 vr.
925 2415 948 2463 i.
993 2414 1040 2462 108
1056 2414 1144 2462 landet
1159 2415 1258 2477 potitae:
1276 2415 1311 2461 In
1328 2414 1427 2461 nulium
1444 2428 1541 2462 avarus

401 2492 530 2540 Phaedrus
551 2492 947 2555 111.11.saemtrar0tmpuc.
991 2495 1067 2541 tenus
1089 2498 1139 2554 est,
1155 2494 1182 2540 in
1203 2507 1228 2541 se
1246 2495 1374 2555 pessimus.
1408 2491 1464 2539 Iam
1481 2490 1540 2551 alii,

402 2569 453 2619 Ubi
469 2570 556 2619 Heins.
573 2572 655 2620 minus
666 2578 731 2619 recte
741 2570 839 2635 legebat
849 2575 949 2620 iterato.
990 2577 1018 2618 ut
1035 2571 1163 2632 volebam,
1180 2570 1356 2619 distinxerunt.
1387 2569 1540 2619 Doderlinus

401 2648 531 2697 Vocebula
553 2651 671 2711 inpratm
691 2656 716 2698 et
732 2652 816 2698 iratus
833 2664 906 2712 saepe
923 2651 950 2698 in
990 2658 1129 2714 praeterea:
1146 2658 1255 2700 sumtum
1262 2652 1348 2714 sarit?
1366 2651 1461 2699 Laudo.

401 2728 479 2779 Mss.
495 2728 688 2777 confunduntur.
711 2727 781 2777 Conf.
797 2728 950 2777 droconis
1024 2734 1108 2780 Pater
1129 2730 1185 2788 iile,
1206 2731 1308 2780 Terenti
1342 2732 1442 2779 Fctulc
1466 2744 1539 2791 quem

401 2808 460 2857 Liv.
478 2806 567 2856 XXV.
584 2808 607 2855 4.
641 2806 790 2855 Doderlinus
813 2807 949 2870 ingluviem
990 2811 1111 2859 miserum
1130 2815 1206 2871 priato
1223 2810 1314 2857 sirim
1326 2808 1420 2871 sapato
1454 2809 1537 2857 Indu-

402 2886 452 2933 dici
468 2892 537 2949 putat
559 2888 689 2948 inpratcm
713 2899 774 2948 erga
799 2884 882 2943 iilum,
907 2888 951 2949 qui
991 2889 1034 2934 cit.
1068 2886 1163 2936 Melius
1180 2893 1253 2949 puto:
1272 2889 1354 2934 Puter
1373 2888 1416 2934 iile
1436 2888 1541 2935 Terenti

402 2965 486 3014 omnia
502 2964 622 3028 ingluviei
639 2964 720 3023 dedit,
736 2970 761 3011 et
771 2963 866 3011 nullum
878 2964 910 3011 ab
921 2978 951 3012 eu
992 2966 1105 3023 Fabula,
1121 2982 1193 3026 quem
1209 2967 1316 3014 inducit.
1334 2966 1412 3013 Pater
1425 2964 1481 3023 ille,
1495 2966 1538 3027 qui

402 3044 508 3106 gratiam
524 3042 621 3102 retulit,
637 3042 688 3092 fere
703 3042 950 3107 utquiomniunmi·
990 3057 1017 3092 se
1038 3050 1090 3091 tam
1111 3044 1178 3092 male
1204 3044 1310 3103 cruciat,
1333 3051 1370 3092 cst
1387 3044 1473 3092 subula
1489 3044 1538 3092 Te-

402 3123 437 3171 cie
454 3138 499 3171 sus
514 3122 642 3185 largiendo
659 3122 803 3181 effundunt,
813 3136 893 3184 neque
908 3136 950 3171 eos
991 3123 1068 3181 renti,
1081 3123 1387 3173 Heautontimorumenos.
1404 3124 1480 3173 Hunc
1492 3138 1536 3186 pu-

401 3208 530 3265 propterea
546 3209 629 3265 gratos
646 3202 821 3265 experiuntur,
845 3200 866 3249 si
890 3215 949 3249 usus
991 3206 1055 3249 trem
1073 3201 1207 3249 Terentius
1219 3202 1389 3261 inducit,non
1399 3202 1486 3250 fabula
1497 3202 1536 3250 in-

402 3282 441 3331 sit.
459 3281 669 3344 Aeuteprosecto.
697 3280 746 3331 Sed
758 3280 875 3343 epitheta,
886 3293 950 3342 quae
991 3279 1066 3327 ducit.
1096 3279 1175 3327 Petita
1197 3278 1292 3344 εἰσάγει
1317 3280 1402 3345 δρᾶμα
1422 3279 1537 3345 πατέρα,

401 3367 453 3408 tum
470 3360 549 3407 multa
564 3360 705 3423 significare
721 3356 898 3421 possunt,fere
912 3364 949 3405 est
989 3354 1083 3421 εἰσάγει
1100 3356 1219 3421 δράματα
1236 3357 1367 3421 evictae,
1391 3359 1537 3418 Οἰδίποδας.

402 3439 536 3497 utdiosm,
549 3437 798 3502 perumsignificant.
819 3434 950 3498 Ingluries
991 3435 1078 3486 Cicero
1102 3437 1177 3485 Tusa.
1195 3437 1303 3487 1v.24.
1338 3440 1403 3487 Cum
1423 3440 1538 3489 Orestem

401 3520 472 3567 irata
488 3518 574 3567 saltem
591 3519 682 3567 certius
698 3516 791 3580 aliquid
805 3514 937 3578 significat.
983 3517 1105 3578 fututam
1125 3518 1264 3579 Euripides
1285 3520 1389 3567 doceret.
1432 3517 1537 3567 Sueton.

436 3599 515 3647 Dives
532 3598 615 3659 apris,
632 3598 699 3645 dives
708 3596 800 3656 positis
812 3596 839 3642 in
844 3596 949 3657 foenere
989 3596 1083 3644 Neron.
1105 3595 1154 3644 XI.
1181 3598 1294 3646 Inducta
1310 3603 1348 3645 est
1375 3602 1401 3644 et
1428 3597 1538 3660 Afranii

401 3679 517 3725 nummis.
551 3675 728 3723 Lachmannus
745 3686 859 3728 versum,
876 3677 905 3718 ut
916 3686 949 3719 ex
990 3679 1083 3735 topctc.
1117 3672 1201 3721 Pluut.
1219 3674 1311 3722 Pseud.
1330 3673 1399 3722 Prol.
1416 3674 1458 3723 25.
1486 3675 1535 3723 ra·

402 3753 667 3816 appeliatum.
690 3752 739 3799 hnc
761 3749 870 3806 illatum,
888 3750 948 3796 reie·
989 3752 1049 3799 buia
1073 3754 1101 3798 in
1120 3765 1220 3800 scenam
1244 3754 1319 3800 uenit.
1353 3752 1411 3800 Non
1433 3754 1537 3802 memini

401 3833 443 3881 cit.
476 3832 547 3879 Idem
568 3829 625 3879 fecit
646 3829 782 3892 Hauptius,
800 3829 949 3876 assentiente
989 3844 1023 3877 un
1039 3830 1073 3877 sic
1090 3829 1199 3877 dicetur:
1213 3828 1298 3877 fabula
1314 3832 1413 3879 inducit
1421 3838 1535 3893 patrem,

402 3910 537 3961 Meinekio.
570 3909 626 3972 Ego
642 3923 693 3957 non
709 3907 833 3955 dissentio,
989 3905 1071 3972 δρᾶμα
1101 3904 1195 3971 εἰσάγει
1224 3904 1334 3970 πατέρα.
1374 3908 1536 3958 Heindorfius

436 3992 490 4040 Hic
506 3991 551 4037 oia·
573 3990 673 4038 credere
687 3989 768 4050 possis
797 3987 882 4045 Quam
902 3986 949 4033 sibi
988 3986 1198 4033 animadverterat
1213 3986 1312 4034 inducit
1327 3988 1421 4037 crisim
1436 4003 1481 4051 pro
1499 3992 1535 4038 vi·

402 4085 452 4119 sion
465 4070 500 4118 sit
512 4068 616 4116 amicus.
646 4066 731 4115 Multo
743 4063 837 4121 scrius,
852 4069 877 4111 et
893 4078 948 4125 pro·
988 4072 1083 4115 ventem
1099 4082 1114 4113 a
1128 4064 1227 4114 nemine
1243 4064 1413 4115 Grammatice
1428 4066 1534 4129 explica-

402 4155 487 4212 ptereu
503 4161 570 4196 nunc
594 4146 697 4194 melius:
721 4146 776 4195 hic?
793 4144 836 4193 uir
850 4145 949 4193 credere
988 4150 1043 4191 tum
1060 4158 1120 4193 esse.
1146 4143 1248 4206 Optime
1264 4145 1314 4193 ium
1332 4145 1483 4209 explicatum
1497 4153 1535 4193 est

399 4229 488 4289 possis.
512 4225 594 4288 Quid?
619 4226 695 4275 Hunc
705 4238 751 4288 pro
762 4228 867 4287 quaestu
881 4237 948 4271 sum-
987 4222 1240 4287 sDoderlino,qussi
1253 4239 1412 4287 praepncns:
1432 4224 1536 4284 „insee-

402 4313 455 4354 tum
472 4306 499 4353 in
515 4320 542 4354 se
558 4305 653 4353 fucere?
677 4303 733 4352 Vix
753 4303 850 4361 credes,
871 4317 947 4365 qnam
987 4316 1047 4350 nam
1065 4302 1207 4351 inducendo
1223 4302 1322 4365 fingit.''
1351 4303 1420 4351 Hinc
1436 4316 1534 4367 quoque

402 4400 428 4433 se
445 4384 545 4433 cruciet.
573 4386 690 4433 Sibirwn
704 4384 813 4440 amicus,
830 4387 859 4429 ut
871 4380 947 4431 Satir.
988 4387 1101 4443 apparet,
1125 4388 1220 4445 quanto
1237 4381 1325 4431 melius
1347 4382 1380 4429 sit
1401 4383 1535 4429 Terentius

402 4464 438 4512 11.
451 4478 480 4511 rr.
492 4465 532 4515 97.
551 4464 605 4513 Siti
620 4464 729 4525 iniquus.
763 4461 857 4511 Seneca
866 4460 946 4523 Epist.
987 4461 1100 4519 inducit,
1118 4475 1194 4524 quam
1205 4461 1301 4523 fututa
1317 4461 1425 4510 inducit.
