3542 5634
700 481 885 546 LIBER
932 482 956 545 Ι.

301 666 405 746 Quem
430 667 459 732 si
483 666 663 750 dissolvas,
686 667 793 752 quivis
810 668 1031 733 stomachetur
1048 668 1162 732 eodem

302 770 373 850 Quo
397 774 591 856 personatus
612 773 709 854 pacto
729 775 831 855 pater.
880 770 964 852 His,
983 791 1045 855 ego
1069 791 1152 856 quae
1174 791 1282 851 nunc,

301 874 392 941 Olim
413 894 496 958 qnae
519 871 650 956 scripsit
669 871 834 954 Lucilius,
857 871 975 956 eripias
1000 872 1029 937 si

300 979 458 1061 Tempora
473 980 562 1041 certa
578 975 768 1060 modosque,
788 980 822 1039 et
835 975 923 1060 quod
937 975 1028 1060 prius
1046 975 1159 1041 ordine
1170 975 1306 1040 verbum
1318 979 1378 1055 est,

301 1079 468 1146 Posterius
490 1078 610 1162 facias,
634 1099 837 1163 praeponens
862 1078 981 1143 ultima
1003 1078 1136 1164 primis3

300 1184 391 1265 Non,
414 1185 453 1248 ut
476 1181 505 1246 si
528 1181 654 1246 solvas:
680 1182 886 1267 „Postquam
911 1181 1083 1252 Discordia
1106 1186 1191 1246 tetra

302 1284 413 1369 „Belli
435 1283 571 1349 ferratos
595 1288 705 1369 postes
728 1290 905 1370 portasque
927 1283 1106 1370 refregit“:

302 1387 454 1452 Invenias
478 1386 579 1451 etiam
602 1386 732 1452 disiecti
754 1388 902 1453 membra
924 1391 1048 1473 poetae.

302 1491 471 1555 Hactenus
496 1489 591 1555 haec!
616 1489 713 1572 alias,
738 1489 864 1555 iustum
890 1490 951 1573 sit,
976 1513 1097 1573 necne,
1120 1512 1252 1576 poema3

299 1593 397 1659 Nunc
416 1592 501 1658 illud
524 1598 655 1658 tantum
673 1615 842 1678 quaeram,
864 1593 1025 1659 meritone
1047 1593 1111 1659 tibi
1133 1594 1178 1660 sit

302 1696 499 1781 Suspectum
517 1717 622 1781 genus
640 1696 702 1761 hoc
726 1695 899 1761 scribendi.
949 1696 1079 1763 Sulcius
1104 1718 1177 1762 acer

300 1799 462 1865 Ambulat
484 1803 518 1864 et
542 1798 699 1884 Caprius,
723 1798 813 1864 rauci
835 1799 941 1882 male,
967 1821 1106 1885 cumque
1129 1799 1269 1866 libellis:

302 1903 443 1987 Magnus
466 1908 603 1987 uterque
628 1902 727 1966 timor
749 1901 951 1968 latronibus:
980 1907 1016 1971 at
1034 1903 1117 1968 bene
1140 1903 1169 1968 si
1191 1903 1264 1988 quis

300 2006 346 2070 Et
368 2005 460 2072 vivat
479 2006 570 2092 puris
595 2006 765 2088 manibus,
790 2011 982 2071 contemnat
1001 2010 1186 2092 utrumque.

301 2109 350 2175 Ut
373 2107 418 2174 sis
438 2113 477 2174 tu
500 2108 618 2174 similis
641 2108 733 2174 Coeli
756 2108 938 2194 Byrrhique
962 2109 1147 2192 latronum,

299 2213 376 2276 Non
398 2233 459 2297 ego
481 2233 556 2276 sum
574 2209 673 2296 Capri
695 2233 800 2296 neque
825 2211 933 2277 Sulci:
959 2234 1016 2277 cur
1035 2216 1164 2278 metuas
1187 2214 1260 2278 me?

306 2317 409 2382 Nulla
427 2317 563 2382 taberna
583 2337 673 2381 meos
696 2315 817 2381 habeat
837 2337 943 2401 neque
965 2315 1034 2401 pila
1057 2315 1205 2399 libellos,

301 2420 382 2500 Quis
404 2442 522 2485 manus
549 2419 682 2485 insudet
705 2418 799 2504 vulgi
819 2418 1103 2504 Hermogenisque
1126 2418 1261 2504 nigella

300 2523 370 2589 Nec
389 2522 490 2588 recito
510 2523 663 2608 cuiquam
685 2522 751 2587 nisi
770 2522 902 2606 amieis,
925 2522 1023 2608 idque
1045 2526 1193 2604 coactus,

301 2627 377 2692 Non
398 2626 507 2692 ubivis
530 2648 680 2692 coramve
705 2625 917 2711 quibuslibet.
965 2627 1005 2690 In
1028 2623 1137 2690 medio
1161 2624 1217 2709 qui

302 2730 431 2815 Scripta
453 2730 523 2795 foro
545 2730 701 2812 recitent,
726 2733 806 2795 sunt
829 2729 946 2812 multi,
971 2728 1092 2814 quique
1114 2729 1285 2793 lavantes:

302 2833 407 2899 Suave
429 2833 520 2898 locus
544 2833 617 2898 voci
639 2837 771 2897 resonat
793 2832 977 2897 conclusus.
1027 2833 1147 2897 inanes

301 2936 374 3001 Hoc
397 2935 505 3017 iuvat,
529 2934 618 3000 hand
640 2935 725 3000 illud
748 2941 957 3020 quaerentes,
983 2957 1064 3000 num
1088 2935 1158 3000 sine
1182 2956 1300 3018 sensu,

300 3039 456 3122 Tempore
479 3058 560 3100 num
584 3036 709 3101 faciant
732 3037 848 3101 alieno.
899 3037 1065 3120 „Laedere
1087 3037 1211 3123 gaudes
1221 3039 1255 3119 ,“

302 3139 434 3224 Inquis,
458 3143 516 3223 „et
538 3139 599 3205 hoc
623 3138 733 3204 studio
756 3161 876 3224 pravus
900 3138 1018 3204 facis.“
1064 3138 1162 3204 Unde
1184 3137 1327 3224 petitum

301 3243 374 3308 Hoc
396 3243 431 3307 in
455 3265 508 3308 me
532 3242 633 3308 iacis?
656 3249 707 3308 est
729 3247 843 3308 auctor
865 3243 939 3329 quis
963 3241 1103 3328 denique
1127 3263 1256 3324 eorum,

299 3345 379 3410 Vixi
400 3368 476 3411 cum
500 3345 638 3432 quibus?
683 3346 865 3411 Absentem
889 3346 947 3431 qui
969 3345 1057 3411 rodit
1080 3345 1241 3422 amicum3

300 3447 365 3528 Qui
388 3470 454 3514 non
478 3449 626 3515 defendit
648 3448 713 3513 alio
736 3448 907 3534 culpante:
932 3449 1057 3514 solutos

301 3551 365 3632 Qui
388 3556 500 3638 captat
522 3552 607 3618 risus
631 3551 824 3635 hominum,
848 3552 1036 3638 famamque
1060 3550 1198 3629 dicacis3

301 3655 442 3740 Fingere
464 3655 522 3741 qui
544 3677 611 3721 non
634 3654 706 3721 visa
728 3660 855 3740 potest,
880 3655 1057 3722 commissa
1080 3660 1186 3722 tacere

289 3833 401 3883 Laederc
416 3836 523 3897 911111,
541 3836 685 3896 Inquit,et
696 3835 804 3882 1101111-
843 3835 912 3883 σθαι.
946 3835 987 3884 Ita
1003 3835 1130 3884 Lucienus
1148 3837 1178 3884 de
1194 3835 1276 3884 Morte
1290 3834 1392 3897 Peregr.

255 3913 298 3961 dio
317 3929 413 3976 pram
428 3915 508 3978 faeie.
542 3914 593 3975 Qui
613 3915 699 3963 studio
714 3913 804 3975 laedit,
846 3913 883 3963 18.
913 3914 958 3962 οὐκ
969 3913 1040 3974 ἠξίου
1052 3913 1205 3980 φιλοσοφίαν
1217 3911 1393 3976 ὑποδυόμενόν

255 3991 333 4041 laedit
349 3994 407 4042 data
423 4007 511 4056 opera,
527 3993 805 4056 prudenslceditmon,
843 4008 903 4040 τινα
924 3991 1042 4048 κολάζειν
1064 3992 1107 4041 ἐπὶ
1129 3990 1237 4056 ῥήμασι,
1260 3990 1302 4038 καὶ
1320 3989 1392 4052 μάλι-

256 4078 284 4119 ut
300 4086 374 4134 saepe
390 4072 432 4130 fit,
454 4074 606 4136 imprudens,
624 4074 708 4136 Magia
725 4073 805 4137 requi·
843 4087 891 4119 στα
911 4069 1006 4132 τέχνην
1028 4072 1084 4118 τινὰ
1107 4071 1136 4119 τὸ
1158 4067 1327 4132 λοιδορεῖσθαι
1350 4085 1393 4116 πε-

255 4149 320 4197 ritur
347 4158 373 4199 et
397 4153 441 4201 hoe
465 4153 578 4200 stadium
604 4167 702 4214 moon:
723 4152 804 4215 focis.
844 4147 992 4213 ποιημὲνον.

256 4229 357 4280 Gaudes
373 4231 483 4290 laedere,
500 4239 537 4290 et,
554 4239 644 4280 natura
658 4245 764 4295 pravus,
774 4233 805 4279 u-
877 4229 986 4290 Finqere
1007 4229 1051 4290 qni
1073 4241 1123 4276 non
1144 4229 1198 4276 otro
1212 4233 1308 4289 potest,
1329 4241 1392 4277 oom-

255 4311 301 4358 lud
316 4312 414 4360 loedere
430 4311 490 4359 facis
506 4311 628 4367 studium,
651 4309 701 4358 iere
718 4311 805 4373 utqui
842 4309 921 4356 :niceo
939 4314 1021 4356 tacere
1054 4307 1107 4366 Qui
1127 4308 1222 4370 nequit.
1255 4307 1334 4356 Poeta
1354 4319 1391 4354 re·

255 4389 403 4438 medicinam
424 4390 519 4439 aliasve
544 4396 609 4438 artes
627 4388 713 4451 fucit,
739 4389 804 4452 qnod
843 4387 906 4436 liutai
932 4387 1052 4436 obiectum
1078 4387 1137 4435 sibi:
1167 4389 1264 4436 1111111
1291 4389 1391 4450 perideo.

257 4469 352 4518 Graece
376 4468 465 4518 dicitur
491 4468 584 4531 aliquid
610 4465 704 4530 τέχνην
726 4470 802 4516 ποιεῖ·
841 4464 948 4524 Omnes,
966 4467 1012 4523 ait,
1031 4466 1177 4530 quibuscum
1194 4465 1260 4524 vixi,
1284 4479 1333 4514 uno
1350 4479 1390 4514 ore
