3542 5634
759 550 798 557 -
1318 533 1351 571 IX

213 693 341 750 nationis
366 694 397 749 in
423 693 507 749 vario
528 711 636 767 genere
656 693 900 766 praestantiores,
928 693 1093 766 elegantiae
1120 694 1199 750 intus
1220 703 1250 748 et
1271 703 1352 751 extra

213 798 392 872 exquisitae,
422 799 580 886 eo'etiam,
606 808 639 855 ut
664 798 800 871 putabat,
835 796 1054 870 exquisitioris,
1086 799 1111 855 si
1138 797 1285 874 margines
1307 799 1350 854 in·

211 903 289 979 tegri
310 905 436 960 cultrum
455 903 636 977 levigantem
658 901 830 959 evasissent.
861 901 949 974 Quod
969 903 1099 972 deesset,
1123 904 1279 977 supplebat
1302 904 1349 958 Bi-

212 1007 361 1065 bliotheca
380 1007 512 1082 publiea,
534 1007 642 1063 annuis
660 1005 865 1063 additamentis
886 1023 1000 1080 semper
1019 1014 1114 1062 aucta.

255 1112 341 1185 Quae
363 1131 401 1168 ex
423 1119 496 1185 quot
516 1111 599 1168 libris
620 1112 779 1186 arriperet,
802 1110 960 1184 cogitando
975 1111 1097 1168 subacta
1111 1119 1236 1182 teneret,
1261 1131 1349 1184 quam

212 1218 363 1275 subtiliter
389 1223 419 1272 et
446 1233 517 1272 vere
545 1217 582 1271 de
612 1214 762 1288 plerisque
790 1214 952 1284 iudicaret,
987 1214 1075 1287 pauci
1102 1215 1244 1272 sciebant.
1294 1216 1350 1271 llla

211 1324 291 1378 enim
319 1317 487 1393 multiplicis
511 1320 651 1376 scientiae
677 1319 779 1393 copia,
806 1317 882 1374 illud
910 1317 1023 1392 ingenii
1050 1337 1174 1376 acumen
1203 1319 1234 1374 in
1260 1320 1347 1376 tacita

212 1423 385 1499 prudentiae
405 1423 623 1497 modestiaeque
639 1424 712 1484 lnce,
728 1423 929 1497 refulgebant,
952 1441 1040 1496 quam
1062 1424 1086 1480 si
1109 1425 1282 1480 adumbrare
1303 1442 1350 1480 co·

212 1548 314 1598 uarer,
336 1530 436 1586 multis
451 1523 555 1586 iisdem
571 1527 721 1586 coloribus
737 1527 781 1586 uti
797 1530 944 1598 deberem,
963 1528 1070 1600 quibus
1086 1529 1233 1587 Ernestus
1248 1530 1350 1586 Ruhn-

211 1634 300 1690 kenio
325 1634 369 1689 Io.
397 1617 542 1690 Matthiae
568 1632 697 1692 Gesneri
726 1651 822 1689 mores
848 1631 994 1706 depinxit.
1039 1633 1163 1690 Doctior
1188 1635 1300 1708 pariter
1322 1643 1350 1691 et

212 1738 368 1794 amabilior
393 1736 594 1793 triumviratus
623 1755 774 1809 nunquam
799 1738 831 1792 in
857 1737 918 1792 ulla
945 1737 1111 1794 laudatione
1133 1737 1174 1794 ita
1195 1739 1350 1813 copulatus

214 1841 361 1917 apparuit.
403 1843 461 1899 His
498 1840 635 1898 Vriesius
677 1841 842 1898 nominibus
876 1841 968 1897 inseri
1001 1843 1087 1915 quasi
1112 1843 1208 1900 socius
1242 1843 1349 1900 mereri

213 1949 373 2023 potuisset,
395 1949 420 2004 si
440 1950 478 2005 ab
500 1947 621 2003 ineunte
643 1947 846 2004 adolescentia
868 1965 984 2002 omnem
1005 1946 1116 2022 ingenii
1133 1955 1164 2004 et
1186 1947 1349 2005 industriae

212 2052 429 2110 contentionem
452 2050 536 2107 unice
561 2050 593 2107 in
613 2052 670 2107 hac
690 2058 822 2106 veterum
844 2050 995 2106 literarum
1018 2050 1203 2108 humanitate
1224 2051 1348 2108 fixisset.

214 2158 288 2226 Sed,
315 2157 394 2229 quod
418 2154 483 2229 ipse
508 2155 621 2211 solebat
646 2153 760 2224 dicere,
786 2154 862 2210 nihil
887 2153 920 2210 in
948 2173 982 2210 ea
1008 2155 1115 2211 mentis
1138 2156 1349 2212 exercitatione

213 2262 392 2335 quaerebat,
424 2259 481 2316 nisi
512 2269 544 2317 ut
575 2279 607 2318 se
628 2279 725 2318 rernm
755 2261 976 2319 utilissimarum
1003 2262 1169 2336 cognitione
1199 2271 1347 2338 pasceret,

213 2365 315 2421 solitos
343 2365 461 2421 labores
488 2365 553 2423 vice
588 2365 762 2423 suavissima
794 2374 934 2437 mutaret,
965 2367 1003 2422 ad
1036 2368 1237 2424 meditandum
1264 2369 1349 2424 fieret

214 2469 333 2539 melior,
356 2469 441 2525 officii
463 2487 580 2543 quoque
602 2469 809 2527 ethonestatis
824 2480 980 2545 praecepta
994 2471 1127 2528 hauriret
1142 2472 1347 2530 saluberrima.

255 2570 425 2646 Cupiditate
453 2575 572 2647 quidem
597 2574 810 2632 inclarescendi
831 2583 945 2632 tantum
964 2575 1058 2632 abfuit
1078 2584 1111 2633 ut
1136 2595 1267 2650 unquam
1288 2579 1348 2634 affi-

213 2688 341 2750 ceretur,
363 2688 397 2735 ut
417 2679 508 2737 nimia
528 2680 625 2753 potius
642 2681 819 2737 verecundia
834 2689 864 2737 et
880 2681 993 2755 pudore
1010 2682 1096 2754 quasi
1112 2681 1269 2752 laboraret,
1287 2683 1348 2738 rel·

213 2793 247 2841 ut
263 2785 313 2858 qui
329 2803 450 2860 prorsus
468 2786 562 2842 latere
578 2786 678 2842 vellet.
704 2786 773 2842 Non
787 2794 917 2861 poterat.
952 2785 1046 2858 Quam
1064 2786 1187 2860 gloriam
1202 2786 1348 2862 fugiebat,

214 2909 264 2960 ea,
285 2898 320 2947 ut
339 2899 384 2946 est
404 2891 506 2947 umbra
526 2892 658 2961 virtutis,
680 2891 809 2948 invitum
830 2893 1023 2963 sequebatur.
1062 2891 1229 2964 Quominus
1249 2894 1349 2951 cathe-

214 2995 269 3050 dra
290 2994 448 3050 Leidensis
470 2995 498 3051 ei
521 2995 692 3064 offerretur,
715 3014 771 3068 per
792 2995 891 3069 ipsum
912 2997 1005 3052 stetit.
1047 2996 1145 3053 Nemo
1168 3015 1236 3053 eum
1258 2999 1294 3054 de
1316 3017 1348 3054 re

215 3099 274 3155 ista
295 3099 467 3170 loquentem
482 3117 613 3171 unquam
629 3099 760 3156 audivit:
783 3109 814 3155 et
834 3115 925 3171 quum
947 3100 1032 3156 brevi
1047 3111 1115 3174 post
1129 3101 1256 3160 Senatus
1272 3104 1350 3159 Aea-

214 3201 348 3259 demicus
368 3203 491 3259 honoris
512 3221 620 3259 caussa
642 3204 757 3260 Philos.
780 3203 892 3260 Theor.
914 3203 998 3277 Mag.
1021 3216 1051 3259 et
1073 3203 1132 3260 Lit.
1155 3205 1247 3261 Hum.
1270 3206 1349 3264 Doc-

213 3314 310 3364 torem
329 3317 476 3379 creasset,
503 3309 622 3365 titulum
648 3309 761 3366 nomini
788 3310 876 3365 modo
904 3311 1126 3384 praeponebat,
1155 3311 1204 3367 ubi
1233 3329 1296 3366 mos
1318 3319 1349 3366 et

216 3411 262 3468 fas
282 3413 431 3470 iuberent
453 3413 624 3471 Decoratus
639 3414 751 3487 insigni
767 3413 881 3470 Leonis
897 3413 1077 3484 Neerlandi,
1099 3415 1226 3487 primum
1243 3433 1348 3486 eques,

217 3516 325 3574 deinde
347 3518 485 3588 decurio,
508 3518 655 3574 laudabat
676 3519 920 3574 benevolentiam
941 3537 1057 3587 eorum,
1081 3519 1132 3591 qui
1153 3519 1234 3593 regi,
1252 3529 1284 3576 ut
1299 3521 1349 3576 de·

215 3629 381 3691 coraretur,
404 3621 525 3678 firmant
544 3631 698 3694 auctores,
728 3621 827 3696 ipsum
852 3624 997 3680 honorem
1025 3631 1056 3679 et
1080 3632 1257 3682 ornamenta
1283 3625 1345 3681 fere

213 3726 407 3797 aestimabat,
436 3735 470 3783 ut
505 3727 755 3802 Wyttenbachius
788 3726 889 3783 facere
920 3728 1047 3785 solebat.
1094 3728 1257 3802 Nunquam
1288 3731 1349 3786 vidi

214 3830 339 3887 hilarius
360 3831 522 3902 ridentem,
549 3850 640 3905 quam
661 3850 728 3888 cum
750 3833 909 3889 narrabam
930 3831 1001 3905 quid
1024 3833 1140 3908 priscus
1161 3835 1212 3891 ille
1234 3834 1348 3892 Bernas

217 3937 254 3992 de
277 3955 386 4011 pompa
407 3936 620 4008 Stassardana,
644 3939 748 3995 festive
771 3957 790 3994 a
814 3938 940 3995 Mahnio
967 3939 1132 4014 descripta,
1159 3940 1190 3996 in
1213 3939 1349 4014 epheme-

214 4042 278 4098 ride
300 4043 373 4098 anni
392 4058 564 4100 uncccxnl
582 4052 769 4099 annotasset:
793 4041 966 4120 Panegyris
980 4043 1012 4100 in
1029 4040 1142 4100 Senatu
1156 4044 1348 4102 Academico.

219 4143 329 4203 Oratio
354 4143 522 4223 Praefecti.
563 4143 757 4222 Responsum.
802 4145 861 4203 Ille
887 4165 953 4204 cam
977 4149 1120 4204 comitatu
1142 4148 1173 4205 in
1193 4149 1350 4224 petora-itia

215 4247 353 4327 Haparn.
375 4247 538 4326 Epopedes
547 4249 588 4306 ad
597 4251 796 4307 suburbanum
807 4268 911 4307 meam.
939 4248 1035 4307 Emta
1046 4252 1125 4308 inter
1138 4252 1264 4309 eandam
1279 4252 1349 4310 alna

219 4355 334 4411 taeniae
349 4355 497 4431 equestria
538 4355 708 4412 Addiderat
729 4373 836 4411 nomen
857 4356 1000 4412 tabernae
1018 4366 1048 4412 et
1068 4358 1223 4413 tabernam
1237 4357 1350 4414 haben-

218 4458 257 4514 tis
267 4467 430 4515 matronae.
462 4458 564 4530 Quae,
576 4460 648 4531 quia
663 4459 872 4533 ephemeridas
887 4459 960 4516 istas
977 4462 1139 4530 combussi,
1158 4480 1216 4517 non
1228 4463 1349 4518 retinui.
