3542 5634
514 832 564 919 Q.
594 829 835 906 HORATII
861 825 1060 902 FLACCI

410 1077 1169 1178 SATIRARUM

609 1344 749 1408 LIBER
772 1342 954 1408 PRIMUS.

685 1571 880 1594 ψ

635 1746 853 1812 SATIRA
902 1747 926 1810 1.

305 1913 377 2000 Qut
400 1926 454 2007 fit,
472 1926 666 2006 Maecenas,
690 1928 729 1988 ut
751 1946 864 2006 neme,
890 1947 988 2009 quam
1012 1923 1075 1990 sibi
1100 1929 1218 1988 sortem

261 2027 325 2092 Seu
347 2028 431 2092 ratio
455 2027 580 2092 dederit
604 2047 661 2090 seu
684 2025 751 2090 fors
775 2025 946 2109 obiecerit,
969 2026 1028 2090 illa

260 2129 443 2195 Contentus
466 2129 574 2211 vivat,
599 2127 712 2192 laudet
735 2127 863 2192 diversa
886 2132 1079 2213 sequentes?

400 2295 538 2345 SATIRA
558 2297 579 2344 I·
805 2268 848 2330 qui
865 2268 991 2316 abundare
1008 2275 1032 2316 et
1048 2267 1133 2316 abesae
1149 2279 1220 2329 posse
1237 2266 1354 2324 dicerent,

804 2347 832 2393 in
848 2347 900 2405 hia,
917 2349 983 2410 quod
1000 2349 1084 2406 miror,
1094 2347 1228 2396 Ruhnken.
1242 2348 1274 2394 ad
1283 2347 1352 2395 Vell.

247 2390 314 2473 Illa
340 2431 472 2474 contentus
497 2428 577 2474 cisat.
620 2426 652 2473 In
676 2424 763 2472 multis
804 2427 901 2476 Patere.
911 2427 946 2477 Π.
958 2427 1184 2480 79.etad'l'erent.
1193 2426 1308 2474 Eunuch.
1319 2425 1353 2474 V.

214 2503 292 2553 MSS.
318 2510 342 2552 et
366 2503 474 2567 antiquis
499 2503 646 2552 editionibus
670 2503 764 2566 legitur
804 2519 842 2554 rr.
859 2507 884 2553 6.
918 2507 997 2564 Raro,
1015 2506 1041 2553 ni
1057 2505 1143 2564 fallor,
1162 2504 1245 2552 abesse
1260 2511 1353 2566 potest,

215 2585 277 2632 ulla.
309 2583 439 2645 Exiguum
460 2582 597 2646 scripturae
618 2582 763 2642 discrimen,
803 2586 857 2634 sine
873 2587 1020 2634 detrimento
1036 2585 1227 2648 perspicuitatis:
1245 2583 1353 2646 plerum·

215 2669 240 2710 et
253 2662 478 2711 vocabulacenties
486 2668 664 2725 permutantur.
682 2661 763 2722 Quae-
804 2679 852 2727 que
873 2666 926 2713 vim
948 2665 1017 2712 addit
1038 2663 1155 2720 orationi,
1182 2677 1227 2710 nec
1246 2661 1353 2709 dubitari

214 2742 278 2789 ritur
299 2743 385 2800 modo,
409 2749 495 2790 utrum
516 2742 650 2791 sententiae
671 2741 762 2790 melius
804 2752 896 2808 potest,
921 2744 982 2808 quin
1002 2743 1143 2805 scriptores,
1167 2742 1277 2805 apposito
1297 2756 1352 2804 pro·

214 2821 351 2870 conveniat.
384 2822 446 2880 Hie,
471 2828 543 2883 puto,
568 2821 684 2870 convenit
706 2823 761 2869 illa.
803 2823 914 2881 nomine,
932 2823 1070 2885 elegantius
1088 2835 1114 2869 sc
1130 2835 1183 2869 esse
1199 2821 1293 2868 locutos
1308 2835 1351 2882 pu·

214 2901 307 2958 Nemo,
324 2915 400 2963 quam
416 2899 463 2949 sibi
479 2907 570 2947 sortem
586 2913 631 2946 seu
643 2898 708 2946 ratio
721 2899 762 2946 de·
803 2901 919 2949 tarerint.
937 2901 969 2948 In
976 2901 1114 2949 Horatiano
1129 2901 1227 2963 quidem
1237 2899 1352 2961 exemplo

214 2978 292 3037 derit,
313 2993 357 3026 seu
372 2978 436 3026 Fors
452 2977 579 3035 obiecerit,
600 2979 648 3024 illu
664 2984 761 3024 conten-
802 2978 850 3026 illa
870 2979 972 3027 omnino
994 2979 1165 3042 postulabatur
1182 2985 1281 3041 propter
1297 2993 1351 3026 con-

214 3064 255 3103 tus
272 3056 344 3104 vivit.
377 3057 410 3104 In
423 3055 462 3103 his
476 3057 523 3102 illa
536 3053 762 3115 necessariorequi·
804 3062 896 3105 tentus.
931 3058 981 3106 Sed
1001 3072 1064 3119 pene
1081 3057 1162 3113 aliud,
1180 3073 1203 3104 v.
1221 3071 1241 3104 c.
1272 3058 1351 3104 Nemo

214 3136 294 3192 ritur,
321 3142 345 3182 et
371 3148 440 3182 more
464 3133 599 3194 castigatae
620 3131 762 3180 Latinitatis
802 3151 879 3198 quam
895 3139 944 3185 sibi
960 3136 1055 3185 sortem'
1069 3138 1137 3184 ratio
1153 3137 1230 3192 dedit,
1242 3137 1349 3184 laudnt:

214 3214 414 3262 commendatur:
439 3214 495 3260 utta
519 3226 569 3260 non
594 3217 690 3259 tantum
711 3226 762 3259 non
803 3213 844 3261 vel
853 3214 888 3261 sic
897 3228 970 3276 aegre
978 3229 1117 3263 careremus
1126 3229 1188 3262 eum.
1210 3214 1262 3262 Pro
1274 3230 1351 3276 quam

214 3293 361 3356 requiritur,
386 3293 429 3340 sed
455 3291 530 3339 etiarn
553 3290 587 3338 ita
609 3303 762 3352 supervacua
801 3299 906 3350 sortem,
923 3294 1013 3342 dicitur
1027 3301 1051 3342 et
1063 3300 1155 3342 sortem
1168 3309 1251 3356 quant.
1268 3293 1350 3342 Nemo

215 3381 329 3436 apparet,
352 3380 383 3420 ut
407 3371 491 3419 abesse
512 3369 609 3419 malles.
644 3372 704 3419 Sera
724 3376 762 3418 est
802 3381 906 3432 sortem,
924 3389 998 3437 quam
1014 3375 1078 3424 ratio
1094 3375 1168 3430 dedit,
1185 3387 1239 3420 eam
1256 3373 1350 3422 laudat.

216 3454 281 3502 vitae
306 3467 400 3516 genua,
425 3453 490 3515 quod
516 3451 619 3514 quiaque
644 3450 761 3513 sequitur.
802 3454 839 3503 Ut
859 3454 1015 3502 Liv.1.59.
1051 3453 1186 3511 culeum,
1211 3468 1283 3514 quem
1303 3455 1350 3500 suo
1435 3458 1437 3462 ·
1531 3471 1534 3478 .

215 3534 271 3582 Hoc
287 3533 328 3581 rel
345 3533 429 3595 eligit,
447 3530 487 3578 vel
505 3531 528 3578 ci
541 3529 661 3578 obiicitur.
687 3528 761 3577 Ratio
802 3537 868 3580 verte
884 3534 998 3581 abditum
1016 3531 1130 3590 habetat,
1152 3547 1208 3579 eam
1234 3532 1351 3579 isoardo

215 3627 259 3661 seu
274 3613 338 3662 liora
352 3612 501 3659 dantunam
514 3614 612 3665 sortem,
626 3620 697 3654 suam
711 3607 761 3655 cui-
802 3611 896 3674 defipr't.
930 3611 1035 3659 Recmm
1060 3624 1156 3672 quoque
1180 3617 1255 3666 esset,
1277 3625 1349 3672 quem

214 3706 276 3755 que,
293 3690 426 3753 propriam.
455 3688 588 3746 Hanc„ea
601 3701 651 3735 non
663 3694 761 3734 conten·
801 3693 919 3739 cultrum.
953 3691 1020 3739 Hine
1036 3689 1158 3752 explicem
1176 3689 1240 3737 illud
1257 3691 1349 3739 Urbem

215 3779 269 3826 tus,
291 3784 348 3817 enm
364 3776 429 3817 sorte
445 3767 547 3815 alterius
563 3772 704 3828 permutare
719 3779 760 3812 cu·
801 3783 877 3829 quom
899 3774 984 3816 statuo
1002 3774 1086 3816 vestra
1103 3774 1148 3817 est.
1180 3769 1238 3818 Non
1255 3769 1348 3817 differt:

215 3850 259 3912 pit.
292 3847 368 3912 Optat
383 3849 486 3896 alteram
500 3854 599 3904 sortem,
613 3859 662 3893 non
676 3860 761 3907 quam·
801 3862 877 3908 qrram
900 3849 986 3896 urbem
1007 3851 1105 3905 statuo,
1126 3852 1210 3895 vestra
1231 3853 1275 3896 eat.
1310 3846 1348 3895 lbi

215 3941 333 3990 cumque,
349 3929 392 3976 sod
408 3934 513 3983 certam,
535 3933 563 3974 ut
579 3931 700 3973 mercator
715 3924 761 3971 mi·
801 3925 923 3972 omittitur
939 3940 976 3972 eu.
1009 3923 1061 3972 Par
1079 3923 1129 3972 fere
1148 3925 1212 3972 ratio
1228 3925 1255 3972 in
1272 3925 1349 3974 Grae-

215 4006 281 4063 litis,
297 4006 370 4054 miles
383 4005 534 4064 mercatoris,
545 4005 652 4053 rusticus
665 4003 760 4061 urbani,
801 4004 850 4061 cis,
864 4004 894 4051 de
907 4018 956 4066 qua
969 4003 1113 4066 interpretes
1126 4005 1158 4051 ad
1170 4004 1253 4066 Epist.
1262 4004 1348 4052 Paulli

215 4085 324 4133 urbanus
340 4084 431 4132 rustici.
802 4084 834 4131 ad
851 4081 964 4132 Corinth.
982 4083 1004 4131 Ι.
1021 4097 1048 4131 x.
1068 4083 1106 4131 16.
1140 4083 1225 4145 Atque
1247 4084 1282 4130 ita
1298 4083 1348 4130 iam

249 4163 405 4214 constructio
413 4162 564 4225 pronominis
575 4161 762 4209 demonstrativi
803 4160 935 4210 Clarkium
960 4161 1081 4224 accepisse
1102 4160 1174 4209 video
1194 4161 1225 4208 ad
1249 4160 1349 4211 Cacsar.

215 4243 371 4292 substantivo
386 4240 538 4289 antecedenti
554 4240 645 4299 additi,
665 4256 681 4288 a
697 4240 762 4288 mul-
803 4240 834 4289 B.
851 4239 905 4289 civ.
925 4253 944 4287 1.
961 4239 1001 4287 41.
1036 4241 1106 4288 Pons
1125 4238 1272 4302 quisuerat
1290 4246 1349 4289 tern-

216 4325 248 4372 tis
269 4323 395 4371 illustrata
416 4327 465 4378 est,
488 4319 579 4382 optime
600 4320 650 4366 iam
670 4334 686 4366 a
706 4319 761 4367 Ma·
802 4323 901 4379 pestate
917 4319 1091 4380 interruptus,
1108 4332 1185 4380 mque
1200 4322 1256 4368 erut
1272 4319 1350 4383 resec-

215 4399 462 4453 nutioadCiceronis
470 4398 551 4460 Epist.
560 4397 639 4446 XIII.
648 4399 762 4446 28.rccte
804 4401 859 4452 tua,
876 4396 943 4444 tunc
958 4399 1034 4444 noctu
1050 4393 1138 4458 perfici
1154 4395 1237 4444 iussit.

216 4489 343 4537 monente,
360 4481 424 4529 illud
440 4493 491 4527 non
507 4477 640 4526 abundare.
669 4478 761 4535 Fuere,
839 4474 1192 4535 Mudetdiversorequentea.
1209 4474 1349 4536 Sequentia,

1195 4555 1211 4615 1
