3542 5634
677 549 860 614 LIBER
908 549 932 612 Ι.

283 735 444 820 Incipias,
469 738 582 819 parto,
607 733 694 820 quod
716 734 854 811 avebas3
878 755 921 797 ne
943 732 1043 797 facias
1068 732 1154 816 quod

285 836 478 904 Ummidius
502 836 636 921 quidam
660 876 702 883 -
727 858 793 901 non
816 836 917 920 longa
940 841 990 901 est
1013 834 1125 900 fabula
1147 869 1193 884 —-
1215 833 1324 916 (livea,

284 941 334 1006 Ut
356 939 526 1004 metiretur
549 961 719 1021 nummos,
743 939 791 1003 ita
814 938 984 1021 sordidus,
1007 943 1047 1002 nt
1067 960 1101 1004 se

282 1045 358 1108 Non
379 1063 538 1127 mnquam
561 1064 653 1107 servo
675 1041 795 1107 melius
817 1041 970 1124 vestiret,
995 1041 1037 1106 ad
1060 1062 1164 1126 usque

285 1146 483 1231 Supremam
503 1149 651 1231 tempus,
676 1167 717 1209 ne
742 1166 777 1209 se
799 1144 937 1230 penuria
961 1144 1068 1209 victus

287 1247 510 1333 Opprimeret,
533 1248 711 1313 metuebat.
758 1247 806 1311 At
827 1247 915 1312 hunc
938 1245 1057 1310 liberta
1084 1245 1187 1310 securi

284 1349 409 1415 Divisit
429 1349 593 1432 medium,
621 1349 804 1415 fortissima
823 1348 1090 1433 Tyndaridarum.

284 1451 395 1535 „Quid
418 1453 466 1515 mi
488 1451 591 1536 igitur
614 1452 753 1517 suades?
776 1456 814 1516 ut
836 1451 948 1516 vivam
973 1448 1144 1531 Maenius,
1169 1453 1228 1513 aut
1250 1448 1314 1531 sic,

238 1633 304 1675 aunt.
328 1626 414 1674 Verba
424 1626 486 1690 frui
501 1633 527 1676 et
543 1629 584 1676 uti
600 1627 625 1674 in
642 1626 690 1674 hac
705 1641 732 1674 re
743 1626 788 1674 frc-
830 1628 934 1688 quidum
945 1627 1052 1674 additur.
1077 1625 1233 1685 Bentleium,
1251 1626 1327 1674 verba
1338 1624 1379 1675 Oi-

239 1711 399 1768 queritantur.
427 1705 515 1753 Horat.
527 1704 611 1754 Curm.
623 1705 645 1753 I.
657 1707 697 1754 31.
724 1707 790 1753 Frui
830 1705 926 1754 caronis
937 1706 1012 1754 'lusa
1023 1706 1095 1766 Disp.
1107 1704 1128 1752 I.
1140 1703 1180 1752 48.
1191 1705 1379 1762 sollicitantem,

237 1785 352 1845 puratis,
380 1783 423 1830 ubi
445 1784 566 1845 quaedam
582 1783 707 1832 annotavi.
732 1784 790 1832 Huc
831 1784 923 1846 optime
944 1784 1062 1832 refutavit
1078 1783 1180 1832 Ruhnk.
1198 1784 1229 1831 ad
1245 1783 1314 1831 Veli.
1332 1784 1379 1831 Pa-

239 1862 384 1923 praesertim
411 1861 471 1909 iacit
497 1861 560 1909 illud
585 1861 667 1912 Curtii
691 1861 740 1909 IX.
765 1863 789 1909 2.
831 1868 891 1910 tero.
908 1863 944 1911 11.
962 1865 1001 1912 54.
1036 1861 1125 1912 Cicero
1146 1862 1256 1924 scripsit:
1281 1863 1381 1910 atalia-

241 1942 345 1988 Pruedu
362 1941 441 2002 mauis
457 1946 535 2002 porto
545 1941 609 2002 frui
624 1942 698 1996 veile,
714 1955 791 2001 quum
831 1955 886 1989 utus
907 1943 1024 2004 quidam,
1046 1943 1132 1988 rhetor
1152 1943 1284 2002 antiquus,
1300 1941 1381 2002 impri-

239 2021 394 2081 ucquireadu
403 2019 526 2081 futipuri.
560 2020 678 2067 Horatius
701 2021 742 2066 uti
764 2018 790 2065 in
831 2020 880 2067 mia
891 2021 990 2077 nobilia
1000 2019 1128 2067 Velleius:
1142 2018 1175 2065 Iu
1186 2019 1380 2080 hospitiscuiua·

239 2097 287 2145 hac
304 2098 357 2159 ipsa
372 2097 449 2144 satira
469 2084 562 2158 pos‘uit:
586 2102 611 2145 et
631 2098 685 2144 iiiia
707 2097 792 2143 utitur
832 2097 891 2142 dum
902 2097 1381 2154 mbilicviri,uomineComeli‚domo.

240 2183 301 2226 aute
333 2176 464 2234 Quaeritis
486 2178 595 2237 raptem,
616 2182 641 2222 et
658 2175 733 2224 Satir.
755 2174 790 2222 II.
833 2172 884 2220 Ubi
901 2173 942 2221 vel
964 2175 1061 2222 uomina
1083 2175 1210 2232 adiicitur,
1233 2176 1263 2222 de
1285 2190 1335 2238 qua
1355 2191 1382 2224 rc

240 2270 280 2304 111.
298 2255 360 2318 167.
381 2269 416 2301 uu
436 2269 565 2316 uunquam
587 2259 661 2301 tutare
679 2257 790 2314 parutis.
832 2251 889 2300 vide
915 2251 1027 2301 Oudend.
1053 2252 1084 2299 ad
1110 2254 1205 2316 Appul.
1232 2254 1336 2302 Metam.
1358 2271 1381 2318 p.

241 2333 413 2381 Accusativus
434 2338 489 2394 post
505 2332 568 2394 frui
583 2332 642 2379 satis
659 2332 732 2380 habet
748 2347 791 2379 au·
835 2329 889 2378 120.
907 2335 932 2378 ct
950 2331 1005 2379 456.
1041 2330 1081 2387 Si,
1099 2346 1162 2394 quae
1178 2333 1244 2391 dixi,
1262 2335 1382 2382 nonsatis

241 2412 368 2461 ctoritatis.
386 2427 411 2458 v.
429 2412 517 2459 Burm.
534 2411 561 2457 in
572 2411 677 2459 Anthol.
689 2413 720 2460 T.
733 2411 792 2473 I.p.
832 2408 958 2466 valerent,
989 2408 1131 2458 Ummidius
1159 2413 1262 2473 quidum
1287 2411 1381 2474 signifi-

245 2492 300 2543 137.
334 2490 416 2540 Sonus
432 2490 473 2537 hic
489 2489 636 2552 requirebat.
832 2502 888 2536 care
914 2488 988 2536 simul
1014 2496 1095 2550 posset
1115 2489 1240 2537 hominem
1258 2496 1381 2539 contemtu

275 2573 329 2620 Nec
348 2571 438 2632 sacius
461 2571 527 2631 quod
572 2571 714 2617 Ummidius
738 2571 791 2632 qui
832 2569 947 2630 (imnum,
962 2573 990 2613 ut
999 2569 1109 2616 Locusta
1117 2570 1239 2630 quaedum
1248 2570 1313 2630 apud
1323 2569 1382 2619 Sue-

241 2651 308 2697 dam.
333 2649 398 2696 Tota
406 2648 498 2704 oratio,
515 2649 543 2695 nt
558 2654 641 2695 censet
651 2647 791 2706 Bentleius‚
832 2654 882 2694 ton.
899 2647 990 2696 Neron.
1012 2646 1145 2694 XXXIII.
1170 2646 1221 2696 Ubi
1237 2646 1382 2696 Oudendor-

242 2726 352 2774 scabrior
373 2734 397 2775 et
418 2740 495 2788 paene
516 2727 600 2774 hiulca
622 2734 671 2775 est:
700 2729 792 2790 requiri
832 2727 888 2789 pius
901 2725 1058 2788 reprehendit
1069 2726 1242 2782 Tonantium,
1261 2729 1383 2787 quaedum

242 2806 309 2854 enim
326 2806 411 2863 „dives
427 2813 452 2853 et
468 2805 792 2868 sordidasquimetuebat,“
832 2805 898 2853 male
914 2805 1059 2854 eiicientem.
1084 2806 1124 2854 Dc
1141 2805 1240 2852 nomine
1259 2805 1384 2853 Ummidio

242 2891 286 2932 aut
309 2885 368 2946 „qui
388 2885 458 2932 dives
474 2891 499 2932 et
515 2885 629 2932 sordidus
645 2884 791 2932 metuebat.“
833 2883 1037 2931 Hcmsterhusius
1049 2881 1190 2930 annotavit:
1203 2881 1263 2940 „Sic
1273 2895 1318 2943 pro
1329 2883 1383 2928 Nu·

243 2965 312 3013 Illud
332 2964 447 3012 scabrum
468 2972 493 3012 et
513 2963 625 3012 hiulcum
646 2963 694 3020 sic,
721 2971 792 3024 puto,
833 2963 933 3009 milium
955 2961 995 3008 vel
1015 2963 1166 3008 Numidiam
1183 2960 1340 3021 Quadratum
1357 2959 1382 3006 in

242 3043 299 3092 tolli
314 3049 405 3106 potest:
423 3045 457 3090 ud
472 3057 550 3103 usque
568 3043 717 3104 Supremam
734 3046 793 3089 iem·
834 3039 905 3086 Aelii
923 3039 1048 3101 Spartiani
1061 3039 1168 3086 AdrIan.
1180 3040 1217 3088 15.
1228 3038 1297 3085 codd.
1314 3039 1382 3086 Umi-

241 3138 306 3185 pua,
322 3138 354 3170 ne
369 3137 396 3170 se
404 3123 514 3184 periuria
524 3123 605 3169 uictus
625 3121 793 3182 opprimeret,
834 3119 916 3175 dium,
934 3117 999 3179 quod
1015 3116 1101 3178 probat
1119 3117 1270 3174 Salmasius,
1287 3117 1330 3163 sod
1347 3129 1383 3163 re-

243 3207 368 3251 motum:
392 3206 434 3248 uat
457 3201 523 3249 huuc
539 3201 630 3247 Iiberta
645 3199 728 3246 securi
747 3199 793 3245 Di·
834 3194 928 3241 nitente
948 3208 998 3242 non
1023 3200 1120 3242 tautum
1144 3193 1271 3250 Reinesio,
1296 3206 1382 3240 verum

243 3282 304 3330 visit
320 3281 434 3329 medium.
468 3278 611 3328 Ummidius
627 3277 742 3340 quidam,
759 3278 794 3324 ita
834 3273 910 3320 etiam
927 3274 958 3320 T.
976 3273 1060 3335 Rykio
1077 3273 1108 3320 ad
1119 3273 1202 3321 Taciti
1214 3270 1308 3322 Annal.
1320 3271 1382 3318 XII.

243 3360 326 3417 divas,
342 3366 370 3407 nt
386 3372 499 3406 nummos
516 3357 657 3413 metiretur,
673 3356 708 3403 ita
717 3356 793 3404 sordi·
834 3351 874 3399 65.
907 3351 973 3400 Vide
989 3351 1086 3414 Ioseph.
1103 3352 1138 3400 A.
1155 3351 1176 3398 1.
1194 3351 1253 3400 XX.
1270 3351 1311 3398 6.⁴‘

244 3440 305 3496 dus,
327 3446 357 3487 ut
371 3453 398 3487 se
413 3452 464 3486 non
480 3437 573 3484 melius
590 3449 662 3483 servo
679 3436 793 3493 vestiret,
869 3433 906 3477 At
923 3432 989 3480 huuc
1006 3433 1097 3480 libaria
1112 3431 1195 3480 securi
1220 3429 1319 3477 Diuisit
1336 3443 1383 3475 me·

244 3531 341 3580 semper
365 3525 477 3566 metucns
497 3530 530 3563 ne
551 3529 578 3562 se
595 3514 699 3576 penuria
714 3514 793 3561 victus
835 3509 915 3570 dium,
920 3509 1069 3571 fortissimo
1081 3510 1298 3572 Tyndaridarum.
1314 3507 1385 3565 Quat

244 3596 400 3659 opprimeret.
434 3593 562 3643 Bentlciua
582 3600 709 3656 praeterea
729 3592 793 3639 illud
835 3589 872 3634 mi
887 3588 968 3648 icitur
983 3589 1092 3638 suades?
1118 3586 1323 3637 Hemsterhusius
1341 3601 1383 3634 an-

245 3675 349 3736 quidum
365 3688 416 3722 non
435 3673 533 3729 laudat,
556 3672 615 3735 quia
637 3671 793 3720 Ummidium
835 3667 943 3715 notavit:
980 3668 1140 3726 „Notandum
1174 3667 1200 3714 in
1235 3664 1384 3715 Callimachi

245 3753 286 3801 vel
302 3753 405 3801 divitiae
420 3752 462 3800 vel
478 3751 583 3799 avaritia
592 3751 713 3799 celebrem
724 3757 748 3797 et
759 3750 794 3798 fa·
835 3760 923 3804 versu,
945 3761 1018 3810 quem
1035 3748 1135 3811 profert.
1154 3744 1236 3795 Schol.
1255 3743 1384 3806 Sophoclis

245 3846 342 3880 mosum
358 3833 523 3880 reddiderant
555 3830 621 3878 Mihi
637 3831 741 3892 quidum
757 3844 794 3878 sa·
836 3825 922 3888 Oedip.
936 3825 1023 3874 Calon.
1038 3827 1094 3876 481.
1111 3822 1257 3887 Ἡσυχίδαι,
1270 3823 1384 3886 quamvis

246 3912 279 3959 tis
289 3911 378 3973 placet.
399 3911 493 3959 Narrat
505 3908 794 3968 fabulamFabnlarurn,
835 3904 963 3954 Bentleius
980 3907 1093 3955 emendet
1103 3903 1240 3967 Ἦσυχίδες.
1262 3901 1329 3950 Vide
1337 3899 1384 3948 ira-

245 4004 297 4038 non
315 3989 430 4037 fictarum
446 4001 556 4051 quoque,
578 3986 643 4033 illud
664 3987 794 4048 antiquum
836 3991 938 4046 gmeuta
960 3982 1060 4033 Gallim.
1083 3985 1130 4032 No.
1155 3985 1209 4034 123.
1244 3981 1331 4029 Heius.
1354 3979 1385 4026 ad

246 4074 284 4118 est
300 4069 411 4116 initium:
428 4067 600 4128 eratquidom
610 4067 794 4121 diverat-urus,
836 4063 910 4113 Ovid.
927 4062 1029 4111 Heroid.
1051 4063 1127 4111 XIII.
1152 4063 1206 4113 137.
1223 4058 1335 4120 Bergler.
1353 4059 1384 4104 ad
1475 4117 1478 4122 Ι

246 4153 303 4197 crat
319 4149 422 4210 quidum
443 4145 601 4202 Ummidius,
617 4144 795 4191 divesararus.
836 4140 985 4203 Aleiphron.
1008 4142 1030 4188 I.
1055 4142 1102 4203 Ep.
1125 4144 1148 4190 2.
1186 4139 1385 4200 Cecropidorum

247 4227 328 4282 Tum,
349 4225 392 4289 qui
412 4224 486 4272 alteri
506 4229 652 4270 narraturus
673 4229 711 4270 est
727 4221 795 4269 fabu·
837 4219 956 4268 Martian.
982 4219 1086 4282 Capella
1110 4235 1133 4282 p.
1163 4220 1216 4269 135.
1256 4217 1327 4266 Serv.
1353 4216 1384 4263 ad

246 4303 312 4360 lam,
333 4317 384 4351 non
404 4307 476 4365 putat
496 4315 549 4349 rem
565 4308 590 4349 et
612 4301 737 4350 hominem
759 4301 796 4349 illi
838 4300 902 4348 Aen.
928 4299 962 4346 X.
985 4300 1009 4346 4.
1043 4298 1137 4348 Statius
1160 4296 1240 4347 Theb.
1260 4295 1309 4343 IX.
1327 4294 1383 4342 650.

247 4397 300 4430 esse
316 4388 395 4429 notos.
429 4379 511 4441 Quid?
533 4381 599 4443 quod
619 4378 660 4426 vel
681 4381 708 4428 in
727 4380 796 4428 nobi·
838 4376 999 4426 etGronov.“
1017 4375 1044 4425 Si
1059 4377 1143 4424 omnia
1156 4376 1204 4424 ista
1216 4373 1385 4438 considerave-

248 4461 349 4510 lissimis
366 4458 519 4515 hominibus,
530 4459 552 4506 si
562 4463 606 4505 aut
617 4457 678 4517 sibi,
689 4465 733 4506 aut
744 4459 797 4522 qni·
839 4459 887 4516 ris,
904 4456 1026 4504 addideris
1043 4469 1141 4518 quoque
1157 4453 1222 4502 dicta
1231 4453 1261 4501 ab
1271 4452 1384 4502 Oudend.

247 4539 293 4588 bus
310 4537 433 4595 scribunt,
450 4536 553 4586 tortasse
569 4537 651 4584 minus
663 4538 715 4585 noti
726 4544 797 4593 sunt,
839 4537 871 4584 ad
894 4535 1050 4584 FrontInum.
1068 4550 1091 4596 p.
1111 4533 1164 4583 181.
1189 4540 1214 4582 el
1237 4531 1335 4582 Caesar.
1354 4533 1384 4580 B.
