3542 5634
527 1117 562 1180 P.
590 1112 784 1179 HOFMAN
808 1110 1090 1178 PIlIlRLKAMP

761 1351 793 1400 L.
819 1349 846 1400 S.

753 1630 854 1648 ⁴0-

279 1825 336 1929 Ut
361 1866 400 1922 ad
425 1865 535 1922 multos
561 1865 754 1940 scriptorum,
776 1863 953 1938 praesertim
974 1863 1177 1920 Romanorum
1193 1860 1304 1930 libros,
1327 1859 1371 1916 ita

240 1976 279 2032 ad
305 1973 427 2030 Horatii
453 1971 569 2031 Satires
597 1980 628 2028 et
653 1970 807 2045 Epistolas
835 1970 930 2027 multa
955 1977 1179 2026 annotaveram.
1222 1965 1308 2038 Quae
1331 1965 1370 2023 ad

240 2081 372 2149 Satires,
401 2097 438 2134 ea
457 2096 551 2145 nuno,
580 2078 675 2150 magis
696 2075 859 2132 amicorum
878 2083 985 2147 rogatu
1007 2091 1097 2145 quam
1117 2090 1184 2128 mea
1203 2071 1299 2146 ipsius
1320 2088 1369 2126 vo·

241 2188 374 2253 luntate,
402 2183 441 2238 ad
463 2183 625 2239 editionem
650 2181 816 2255 composita
836 2179 952 2254 paravi.
995 2177 1177 2252 Ignorabam
1197 2177 1276 2232 enim
1298 2175 1370 2250 quid

242 2292 351 2349 eruditi
368 2289 513 2349 Germani
535 2289 615 2346 inter
635 2306 731 2345 annos
751 2287 783 2343 in
804 2287 862 2342 hac
882 2303 916 2342 re
938 2283 1176 2360 praestitissent,
1203 2299 1258 2338 neo
1286 2280 1371 2354 quid·

239 2417 330 2472 quam
352 2398 485 2453 videram
506 2406 627 2470 praeter
646 2393 840 2450 Meinekium.
877 2393 1028 2449 Absoluto
1051 2392 1169 2447 demum
1190 2390 1246 2446 hoc
1266 2390 1369 2446 labore

239 2523 320 2573 meo,
348 2512 455 2559 nactus
480 2501 689 2558 Heindorfium
717 2509 748 2556 et
769 2501 1035 2568 Wustemannum,
1063 2496 1255 2566 Horkelium,
1282 2495 1370 2570 Apit

240 2611 332 2680 zium,
355 2609 484 2681 denique
506 2608 542 2664 L.
558 2607 771 2677 Doderlinum,
793 2606 874 2662 haud
896 2623 967 2662 sane
989 2622 1088 2679 pauca
1102 2604 1140 2660 ab
1156 2603 1193 2658 iis
1207 2602 1266 2660 iam
1281 2620 1368 2658 occu-

241 2726 312 2792 pata
334 2714 532 2790 deprehendi,
555 2732 650 2787 eaque
672 2723 794 2781 cuncta,
816 2720 962 2786 quantum
980 2711 1055 2781 scio,
1078 2729 1116 2766 ex
1132 2709 1205 2766 meis
1222 2708 1339 2766 sustuli.

281 2821 453 2877 Ludovicus
481 2819 664 2875 Doderlinus
691 2836 719 2874 a.
740 2833 889 2874 uncocnx
910 2815 1026 2876 Satires
1047 2824 1108 2872 tam
1129 2815 1215 2870 docte
1238 2823 1269 2870 et
1288 2814 1369 2887 inge·

241 2928 322 2984 niose
348 2927 563 3000 interpretatus
594 2934 653 2995 est,
684 2933 719 2980 nt
747 2923 905 2999 praeclara
936 2921 1018 2978 illius
1040 2922 1077 2978 de
1109 2919 1237 2978 Horatio
1262 2906 1369 2976 merita

240 3033 314 3089 satis
336 3031 459 3088 laudare
481 3048 540 3086 non
563 3029 683 3103 possim.
709 3029 746 3084 In
762 3028 871 3100 quibus
891 3028 995 3084 eadem
1011 3025 1074 3084 fere
1090 3026 1368 3096 animadverteram,

241 3155 292 3204 ea,
315 3135 387 3192 mihi
409 3136 447 3191 de
469 3152 616 3191 consensu
636 3133 819 3208 gratulatus,
843 3132 972 3188 servavi.
1014 3130 1046 3190 si
1071 3131 1123 3187 ille
1151 3131 1278 3187 fortasse
1300 3131 1369 3187 hinc

241 3241 302 3298 suis
336 3241 467 3299 inventis
501 3240 623 3314 aliquod
658 3248 840 3296 momentum
875 3237 1039 3294 accessisse
1069 3237 1198 3307 iudicet,
1231 3236 1369 3310 equidem

240 3348 279 3404 ab
299 3346 351 3402 illo
371 3347 446 3403 meis
466 3363 557 3421 grave
578 3344 739 3402 accessisse
760 3343 871 3400 iudico.
1256 3318 1258 3321 V

282 3453 329 3509 De
349 3471 417 3509 mea
438 3451 559 3509 Horatii
581 3449 754 3525 explicandi
770 3449 885 3506 ratione
902 3448 976 3504 satis
993 3448 1133 3522 exposui,
1154 3447 1266 3503 cumin
1283 3465 1368 3522 prae·

241 3558 354 3614 latione
380 3557 419 3613 ad
446 3554 606 3625 Carmina,
631 3563 695 3611 tum
721 3554 752 3610 in
777 3554 976 3629 Mnemosyne
1002 3553 1153 3610 Leidensi.
1195 3552 1295 3610 Huius
1320 3572 1367 3611 me

240 3661 367 3718 rationis
394 3661 526 3718 nondum
550 3661 694 3736 poenitet.
736 3658 786 3718 Sic
812 3660 891 3716 euim
918 3668 948 3716 et
976 3678 1093 3735 semper
1125 3659 1205 3716 sensi
1231 3668 1262 3716 et
1288 3678 1368 3717 nuno

242 3783 361 3840 quoque
383 3765 494 3821 sentio:
520 3764 620 3821 omnia
641 3765 761 3821 omnino
782 3775 918 3823 veterum
938 3765 1084 3823 librorum
1104 3765 1194 3826 MSS.
1210 3786 1265 3843 per
1286 3767 1369 3824 indo·

242 3881 321 3941 etos,
347 3879 390 3941 et,
413 3871 495 3944 qnod
516 3870 605 3945 longe
628 3871 729 3945 peius,
749 3889 804 3946 per
825 3870 1003 3928 semidootos
1024 3872 1165 3929 librarios
1190 3871 1285 3931 modis
1304 3873 1369 3930 inli-

241 3976 313 4033 nitis
334 3976 505 4051 turpissime
526 3984 668 4051 corrupt-a
688 3985 769 4033 sunt.
810 3976 878 4034 Viri
901 3977 1076 4036 eruditionis
1099 3987 1257 4036 accuratae
1278 3978 1367 4036 laude

241 4082 424 4139 excellentes
444 4082 514 4138 inde
536 4083 574 4139 ab
596 4082 763 4138 instaurata
783 4082 940 4139 literarum
958 4082 1143 4140 humanitate
1161 4083 1200 4140 ad
1216 4084 1294 4140 hanc
1309 4102 1368 4140 me-

242 4186 380 4256 moriam,
401 4193 496 4242 testor
515 4186 563 4241 vel
582 4185 778 4243 amicissimos
794 4185 925 4260 collegas
946 4185 1085 4256 Bakium,
1104 4183 1252 4244 Cobetum
1268 4196 1298 4243 et
1315 4207 1369 4246 nu·

241 4295 297 4368 per
323 4302 473 4348 mortuum
504 4291 650 4348 Iacobum
681 4290 838 4362 Geelium,
870 4291 923 4364 qui
951 4309 1018 4348 cum
1050 4310 1157 4366 magno
1188 4292 1308 4367 ingenio
1338 4306 1369 4352 ct

242 4397 379 4454 doctrina
400 4415 504 4472 parem
524 4395 701 4454 modestiam
721 4405 753 4453 et
770 4396 961 4472 prudentiam
973 4397 1182 4471 coniungebat,
1194 4416 1295 4458 omnes
1307 4419 1367 4459 om·

241 4503 324 4560 nium
340 4510 506 4577 temporum
530 4509 561 4557 et
580 4500 736 4558 nationum
757 4501 815 4558 hoc
835 4500 986 4559 luculente
1008 4501 1297 4562 demonstraverunt.
