3542 5634
807 440 1160 506 SATIRARUM

461 620 573 702 „Nam
597 623 759 689 simulac
784 647 882 690 venas
908 625 1037 691 inflavit
1060 632 1145 691 tetra
1166 627 1288 709 libido,

461 724 537 791 Huc
560 725 693 793 invenes
715 750 856 814 aequum
878 735 930 795 est
952 729 1160 812 descendere,
1185 752 1252 796 non
1274 730 1398 795 alienas

462 828 646 896 Permolere
668 836 821 897 uxores.“
845 870 888 881 -
912 833 1050 916 „Nolim
1072 834 1275 917 laudarier,“
1300 833 1426 918 inquit,

461 929 540 1012 „Sic
561 935 638 998 me“
661 934 798 999 mirator
820 935 921 1000 cunni
946 935 1149 1021 Cupiennius
1173 937 1250 1002 albi.

459 1032 584 1098 Audire
606 1041 657 1100 est
679 1057 795 1122 operae
816 1037 975 1122 pretium,
999 1039 1170 1123 procedere
1193 1045 1279 1104 reete

461 1134 525 1214 Qui
547 1139 690 1204 moechis
714 1163 781 1206 uon
803 1141 923 1224 vultis,
948 1147 986 1206 ul
1009 1143 1099 1206 omni
1122 1147 1215 1227 purte
1237 1142 1404 1221 laborent,

413 1277 503 1320 cuncta
520 1275 570 1322 ciri
586 1279 714 1326 cententio
728 1279 809 1339 pontt.
834 1279 892 1327 Nisi
906 1280 958 1327 llo-
1000 1278 1021 1326 I.
1039 1292 1068 1326 11.
1079 1280 1120 1330 71.
1132 1294 1187 1328 mcc
1197 1295 1255 1329 cum
1266 1278 1407 1340 conferbuit
1417 1279 1466 1326 ira.
1483 1277 1555 1324 Mar·

413 1350 507 1398 ratium
527 1352 563 1400 ita
584 1354 765 1418 interpretaris,
787 1356 875 1406 melius
893 1364 957 1406 erat:
1000 1357 1051 1405 tial.
1073 1357 1121 1405 IV.
1147 1357 1187 1405 66.
1226 1358 1317 1406 Villlca
1341 1359 1379 1406 uel
1403 1358 1464 1404 dari
1487 1369 1555 1404 com·

413 1430 499 1491 iuquit
519 1434 647 1493 capientia
671 1437 716 1484 dic
738 1435 849 1485 Catonis.
883 1437 959 1485 Recte
997 1449 1088 1496 precra
1104 1439 1141 1484 est
1157 1440 1240 1496 nupta
1256 1436 1334 1484 coloni
1362 1435 1478 1482 Incaluit
1493 1448 1555 1494 quo-

412 1509 539 1568 tcpieutia
559 1511 663 1562 Catonis
682 1516 779 1577 iuquit,
800 1515 959 1578 prosapiem
1001 1516 1049 1562 ties
1065 1514 1155 1562 acacia
1170 1528 1232 1561 vena
1242 1528 1316 1561 mera
1346 1512 1557 1575 Iuflcmtircta,

414 1583 478 1634 Cato
494 1587 581 1650 inquit.
598 1591 678 1640 Totus
686 1592 749 1643 Cato
763 1596 959 1657 cratsapieutic‚
1001 1597 1029 1639 ut
1046 1591 1121 1642 Satir.
1139 1591 1175 1639 Π.
1192 1606 1210 1640 1.
1227 1591 1268 1640 82.
1303 1590 1332 1640 Si
1355 1593 1423 1639 nacla
1440 1592 1554 1640 candide

413 1671 438 1712 et
459 1668 628 1729 appellabatur
643 1675 756 1734 capiate,
780 1673 851 1736 quasi
870 1686 961 1734 cogno
1001 1672 1038 1718 rit
1056 1672 1083 1719 in
1100 1687 1187 1734 quun:
1204 1678 1233 1718 ut
1248 1670 1297 1718 ulia
1313 1670 1438 1729 omittam,
1456 1671 1483 1718 in
1497 1673 1554 1734 qui-

413 1743 487 1794 mine.
521 1749 616 1797 Eadem
641 1751 780 1800 coniectura
803 1752 830 1800 in
851 1758 959 1800 mentem
1001 1749 1046 1796 bus
1063 1749 1146 1798 brevis
1162 1750 1271 1814 syllaba,
1291 1749 1330 1797 uti
1346 1750 1373 1797 in
1389 1757 1447 1798 noto
1463 1750 1553 1813 Virgi-

413 1827 612 1876 veneratEstreo
625 1829 959 1894 inProuopfloratlpuos.
1000 1826 1074 1878 liano:
1101 1832 1229 1879 Numta'bi
1242 1833 1367 1892 Thymbre
1375 1837 1452 1893 caput
1462 1831 1554 1878 Eccu-

446 1906 516 1954 Nam
536 1907 614 1954 umal
632 1923 663 1957 ac
679 1923 756 1957 aeuus
771 1909 875 1972 inflavit
892 1915 960 1959 tetra
1000 1909 1186 1957 drtuecbetalu't
1199 1911 1272 1968 eosic,
1288 1909 1437 1971 producitur.
1455 1907 1553 1958 Scribe·

411 1985 494 2034 libtdo.
519 1984 570 2033 Vir
585 1987 672 2036 doctus
687 1987 825 2037 coniecerat
842 1987 914 2038 tento
931 1991 960 2038 u·-
1000 1981 1554 2038 baturVENXINFLAVITIRATAHinc

410 2064 474 2112 bido.
507 2065 635 2115 Bentlcius
651 2066 783 2130 vulgatum
798 2075 883 2117 tuetur
900 2071 959 2119 duo
1000 2063 1043 2112 illu
1059 2067 1211 2130 corruptela,
1231 2066 1339 2116 librariis
1358 2081 1455 2130 quoque
1470 2073 1554 2116 metro

411 2141 457 2189 bus
478 2144 612 2208 exemplis,
629 2161 681 2196 uno
696 2147 780 2196 Porcii
798 2148 916 2196 Latronis
932 2149 959 2196 in
999 2143 1150 2194 timentibus.

340 2286 342 2288 q
412 2219 512 2272 Catilin.
538 2227 654 2276 adiutore
671 2230 861 2276 teterrinurum
877 2229 961 2277 lib-idi·
1033 2225 1149 2274 Mirctor
1187 2226 1264 2274 cunni
1299 2223 1456 2286 Cupiennius
1487 2225 1551 2273 albi.

410 2315 484 2358 num3
503 2302 580 2368 altero
596 2305 731 2353 Iactantii:
748 2307 779 2354 de
794 2307 853 2354 istic
866 2307 960 2368 bqaor,
1000 2302 1083 2351 Acro:
1099 2303 1270 2366 „Cupiennius
1280 2302 1381 2366 quidam
1393 2308 1551 2350 amatorma·

411 2393 516 2438 quorum
534 2384 665 2430 teterrima
682 2385 758 2432 libido
774 2385 959 2446 uecupitiqac'·
1000 2387 1128 2429 tronarum
1153 2383 1201 2430 ait:
1227 2382 1274 2429 hoc
1298 2396 1338 2430 me
1360 2379 1459 2429 laudari
1482 2381 1549 2432 uolo.

410 2457 465 2504 dem
480 2461 575 2520 parcit.
608 2460 649 2509 De
673 2461 766 2510 Porcio
783 2461 905 2520 Latrone,
922 2463 958 2511 in·
1000 2459 1050 2507 Hic
1058 2460 1222 2508 familiaritate
1230 2460 1343 2522 Augusti
1351 2459 1551 2520 clarusfuit,cor-

410 2543 467 2598 epto
479 2537 657 2596 declamatore,
674 2541 728 2589 veri
737 2541 854 2589 Latronis
868 2556 959 2591 nomen
1000 2539 1066 2601 poris
1088 2539 1128 2587 sui
1143 2539 1249 2602 diligens
1266 2543 1291 2586 et
1307 2545 1411 2586 sectator
1426 2545 1551 2587 matrona-

410 2617 525 2674 mentito,
547 2617 611 2666 nihil
632 2619 720 2668 dicam.
754 2621 789 2669 Et
806 2621 905 2671 certius
927 2623 959 2670 ad
999 2630 1064 2664 rum.
1089 2616 1160 2664 Alibi
1176 2622 1259 2665 autem
1275 2616 1418 2664 matronalis
1435 2618 1549 2666 dicitnr.“

409 2709 462 2758 cap.
482 2697 520 2745 15.
546 2697 596 2744 iam
617 2697 804 2757 animadvertit,
826 2699 900 2748 istum
920 2701 957 2750 lo·
1000 2694 1049 2743 Illa
1065 2698 1128 2744 olibi
1144 2703 1230 2744 autem
1241 2697 1391 2744 matronalis
1402 2697 1498 2744 dicitur
1508 2711 1551 2745 me

409 2788 467 2822 eum
490 2775 597 2838 exiguae
621 2791 674 2825 esse
697 2777 798 2826 virtutis
817 2779 850 2826 ad
870 2779 958 2826 contir-
999 2775 1107 2838 primum
1123 2773 1295 2832 morabantur,
1312 2779 1337 2820 et
1350 2773 1433 2822 nescio
1446 2775 1548 2837 quidsi-

410 2855 530 2902 mandum
545 2855 644 2904 Horatii
660 2855 749 2904 locum.
775 2857 862 2905 Estin
872 2858 957 2906 eodem
999 2855 1112 2916 gnificari
1120 2853 1244 2918 putabam.
1270 2853 1428 2914 Legendum:
1443 2855 1549 2902 albian-

408 2931 520 2980 Latrone
540 2947 593 2996 cap.
614 2934 656 2982 at.
678 2934 791 2983 rationes
811 2937 880 2984 vitae
896 2951 958 2985 auce
999 2941 1049 2983 tem
1058 2937 1209 2984 matronalis
1217 2932 1314 2980 dicitur.
1338 2931 1366 2980 si
1374 2927 1425 2979 nou
1433 2936 1470 2979 est
1479 2945 1550 2982 error

407 3017 502 3060 veteres
518 3027 549 3060 uc
565 3027 643 3060 nocue
652 3013 680 3061 iu
691 3014 871 3062 exercitatione
882 3020 956 3064 teter-
998 3011 1169 3070 librariorum,
1185 3017 1223 3061 est
1239 3010 1326 3060 saltem
1342 3011 1536 3072 typothetarum.

404 3092 531 3140 rimorum
547 3093 681 3140 libidinum
702 3093 841 3142 collocatas.
875 3092 957 3143 Credo
1032 3094 1170 3142 Procewe
1194 3097 1260 3140 reete
1295 3091 1348 3149 Qui
1372 3091 1548 3140 merchirnan

408 3169 467 3227 isla,
484 3171 565 3234 magis
582 3170 657 3219 etiam
673 3170 810 3230 Iuctantii,
827 3185 857 3220 eo
873 3172 956 3220 valere
997 3173 1089 3228 uultis,
1105 3177 1135 3218 at
1151 3171 1219 3218 omui
1235 3174 1309 3232 parte
1330 3169 1451 3218 luberent.
1484 3169 1548 3218 Mei-

406 3255 435 3296 ut
452 3253 521 3297 tetra
537 3249 563 3296 in
579 3249 684 3298 Horatio
699 3251 865 3313 repudiemus.
890 3252 956 3300 Nam
997 3249 1098 3297 nekius:
1116 3249 1249 3308 „Moeohoe
1265 3247 1297 3296 ab
1313 3247 1381 3296 omni
1396 3254 1466 3310 parte
1479 3248 1546 3296 labo

407 3326 516 3375 indicant
526 3328 734 3376 reramadiectivi
742 3329 956 3391 significationem,
997 3341 1065 3386 rare,
1087 3343 1137 3376 non
1161 3328 1191 3385 ii,
1216 3327 1315 3389 opinor,
1336 3327 1439 3376 docendi
1462 3335 1547 3386 erant,

406 3406 437 3454 de
453 3421 503 3469 qua
518 3407 559 3455 bic
575 3407 679 3470 cogitari
699 3422 749 3457 nou
771 3415 858 3472 potest.
893 3408 956 3459 Cato
997 3405 1039 3468 qui
1061 3405 1149 3454 uolunt
1173 3405 1286 3454 moechos
1311 3412 1376 3454 reete
1401 3407 1544 3468 procedere,

404 3484 532 3534 libidinem
553 3487 700 3545 detestatur,
725 3488 766 3535 cui
789 3486 878 3536 melias
903 3495 956 3537 erat
997 3486 1040 3534 sed
1051 3485 1070 3533 ii
1081 3486 1172 3548 potius,
1184 3485 1227 3547 qui
1239 3484 1323 3532 lavent
1333 3484 1441 3532 moechis
1449 3499 1545 3534 eorum·

406 3564 570 3613 adolescentes
592 3565 720 3623 resistere,
737 3567 793 3623 sed,
811 3573 902 3615 natura
918 3568 952 3616 in·
996 3579 1043 3627 que
1066 3579 1179 3612 caussam
1205 3561 1353 3621 defendunt;
1379 3563 1462 3626 itaque
1486 3563 1545 3612 scri-

405 3643 524 3705 stigante,
557 3644 669 3691 resistere
699 3657 749 3690 non
777 3652 893 3706 possunt,
925 3647 953 3694 il·
995 3652 1081 3706 pturae
1098 3645 1186 3692 vitimn
1202 3643 1364 3703 latereputo,
1382 3641 1544 3704 accumplu-

404 3722 450 3770 lud
458 3720 610 3783 simpliciter,
622 3735 679 3784 quo,
694 3726 723 3767 ut
735 3721 793 3770 alibi
804 3724 863 3773 dicit
873 3727 953 3787 poeta,
995 3723 1052 3770 rimi
1072 3723 1207 3786 optimique
1227 3721 1283 3768 libri
1304 3736 1354 3770 non
1375 3724 1484 3771 moechos
1501 3722 1544 3770 ha-

404 3803 488 3851 doleat
503 3806 600 3848 natura
615 3806 711 3862 necato.
746 3801 833 3850 Talem
844 3803 953 3854 libidinis
995 3802 1079 3861 beant,
1096 3803 1140 3850 sed
1157 3803 1278 3858 moechis,
1294 3801 1376 3849 nescio
1392 3815 1425 3847 an
1436 3801 1544 3849 scriben-

404 3880 457 3928 rim
479 3880 596 3928 detestari
619 3886 714 3942 poterat
729 3883 855 3931 communi
871 3883 953 3947 aliquo
994 3881 1054 3928 dum
1070 3881 1115 3941 sit;
1130 3881 1262 3943 procedere
1277 3886 1343 3929 recte
1370 3881 1423 3939 Qut
1439 3882 1544 3930 moechia

403 3959 526 4024 epitheto,
541 3957 668 4022 appellans
692 3975 716 4008 v.
741 3975 762 4009 c,
786 3977 899 4021 samam,
924 3970 952 4012 ut
993 3975 1045 4010 rem
1062 3962 1146 4010 cattia
1181 3959 1238 4020 Qua
1254 3959 1423 4007 emendatione
1434 3959 1543 4008 admissa

402 4037 647 4102 auricacrafumea
660 4039 701 4086 vel
714 4041 870 4097 sceleratum,
885 4043 951 4105 quod
992 4039 1060 4088 locus
1085 4038 1159 4087 etiam
1184 4037 1287 4086 similior
1312 4037 1395 4086 evadit
1418 4037 1542 4086 Ennianis

401 4119 495 4168 ironice
510 4117 709 4181 pronuntiatum,
726 4119 809 4168 minus
819 4119 951 4184 significat,
993 4118 1118 4176 versibus,
1135 4131 1150 4164 a
1166 4117 1304 4166 Scholiasta
1320 4116 1478 4180 comparatis:
1496 4131 1541 4166 aa·
1557 4107 1562 4116 ’

402 4214 476 4263 quam
487 4198 598 4247 videtur:
609 4210 660 4246 non
670 4198 705 4246 sic
716 4199 840 4262 appellans
849 4205 951 4250 tetrum.
992 4199 1046 4247 dire
1056 4204 1095 4247 eet
1104 4213 1193 4260 operae
1203 4198 1326 4261 pretium,
1336 4197 1467 4258 procedere
1475 4201 1542 4246 recte

401 4278 434 4327 In
455 4277 511 4329 MS.
533 4277 612 4328 Dorv.
634 4277 726 4340 legitur
742 4280 873 4342 inflaverit
890 4285 950 4328 utra
996 4278 1048 4336 Qut
1064 4293 1117 4325 rem
1135 4280 1278 4328 Ronlanum
1292 4277 1540 4337 Latiumqueauqee·

401 4359 485 4406 libido.
519 4356 642 4407 Coniicio:
666 4358 735 4406 Nam
756 4360 831 4406 umal
853 4373 884 4407 cc
909 4375 948 4408 ue·
990 4371 1045 4405 cere
1060 4353 1158 4404 coltie.“
1191 4355 1258 4404 Mihi
1274 4355 1319 4402 hoc
1335 4360 1386 4402 tam
1403 4353 1540 4402 verumvi-

399 4451 459 4486 uam
476 4437 578 4499 inflecti
594 4441 664 4488 irata
681 4439 765 4487 libido.
790 4437 877 4485 Horat.
897 4437 948 4486 Sat.
990 4436 1076 4492 detur,
1093 4442 1133 4496 ut,
1150 4437 1172 4484 si
1188 4435 1302 4484 moechus
1319 4433 1384 4481 sumi
1401 4439 1481 4494 posset
1497 4434 1539 4480 ad·
