3542 5634
418 531 481 594 120
810 520 1160 588 SATIRARUM

465 715 599 780 Excitat
621 713 681 778 hoc
704 717 815 797 paeto:
840 730 988 774 mensam
1010 710 1089 794 poni
1112 710 1204 777 iubet
1225 717 1323 799 atque

463 817 598 883 Effundi
621 837 729 882 saeuos
753 834 979 895 nummorum,
1003 813 1151 879 secedere
1171 815 1281 901 plures

462 922 516 986 Ad
539 919 794 996 numerandum
818 916 985 981 hominem
1009 916 1056 981 sio
1078 917 1194 1003 erigit3
1218 921 1311 986 addit
1333 927 1366 986 et
1389 921 1489 987 illud:

463 1024 530 1108 „Ni
554 1015 611 1089 tua
633 1021 798 1105 custodie,
823 1020 938 1086 avidus
962 1021 1028 1084 iem
1050 1021 1128 1087 haec
1152 1023 1276 1090 auferet
1298 1025 1425 1092 heres.“

463 1128 696 1212 ,‚Men'vivo?“
716 1125 787 1210 „Ut
801 1125 893 1190 vivas
900 1122 1012 1209 igitur,
1021 1123 1139 1209 vigila:
1150 1127 1211 1192 hoc
1219 1129 1321 1213 agel“
1337 1129 1447 1212 „Quid
1455 1129 1546 1193 νίεῖἐκ

416 1294 545 1356 potuisset:
572 1294 651 1341 Hunc
672 1292 763 1339 medici
781 1290 907 1351 iuyeuium
923 1303 959 1336 ce·
1000 1287 1072 1348 Quod
1093 1289 1170 1350 igitur
1191 1291 1275 1338 deerat
1296 1291 1355 1355 ἐμοῦ
1376 1292 1403 1339 iu
1423 1290 1547 1354 sequenti-

415 1373 466 1422 lere
482 1387 573 1434 arsque
581 1370 668 1432 fidelis
695 1369 804 1418 Excitat
818 1369 862 1416 boc
875 1370 958 1429 puoto.
999 1367 1044 1416 bus
1070 1376 1123 1416 erat
1148 1370 1320 1433 supplendum.
1359 1374 1441 1420 Immo
1462 1371 1547 1419 minus

416 1450 513 1513 Magna
536 1448 624 1497 medici
648 1447 727 1496 virtus
752 1447 779 1494 in
803 1452 908 1509 utraque
932 1458 959 1492 re
999 1447 1060 1496 bene
1082 1448 1140 1497 huic
1160 1449 1213 1498 loeo
1233 1452 1355 1500 convenit.
1394 1450 1547 1503 conveniret

415 1531 531 1580 cernitur.
565 1528 657 1578 Statim
681 1525 813 1590 perspicit,
839 1525 959 1589 quomodo
999 1543 1036 1574 ure
1052 1534 1150 1586 nutem,
1169 1546 1207 1578 me
1223 1533 1322 1592 quidem
1338 1533 1400 1580 nino.
1433 1531 1483 1581 Sed
1498 1531 1546 1579 vix

415 1615 531 1672 aegrotus
548 1608 609 1669 erigi
624 1607 714 1670 possit,
729 1611 767 1663 et,
783 1617 832 1666 qua
848 1611 885 1651 est
899 1618 959 1651 cura
998 1604 1040 1652 ille
1056 1605 1083 1653 in
1099 1608 1223 1656 communi
1239 1622 1352 1657 sermone
1363 1608 1477 1657 ultimam
1488 1623 1545 1657 ver-

415 1695 440 1737 et
455 1687 517 1747 fide,
534 1686 668 1749 experitur.
998 1698 1040 1730 sus
1057 1699 1143 1734 vocem
1161 1687 1221 1750 πυρί
1237 1688 1454 1750 pronuntiaverat,
1465 1702 1545 1750 quum

448 1766 599 1816 Doderlinus
610 1764 693 1827 iungit
703 1765 768 1813 celer
777 1761 960 1824 contorqueri
998 1761 1067 1810 Nero
1074 1764 1158 1812 statim
1166 1765 1327 1824 exclamabat,
1335 1765 1395 1830 ἐμοῦ
1404 1765 1429 1814 δὲ
1438 1767 1545 1824 ζῶντος.

413 1850 534 1905 celeriter,
552 1851 576 1894 et
585 1845 673 1908 fidelis
686 1842 958 1892 tantumadmedicum
1032 1846 1102 1893 Men'
1119 1847 1188 1894 εέοοῖ
1217 1849 1255 1896 Ut
1271 1850 1340 1896 οἰοαε
1355 1848 1435 1909 ἐρίοιο·
1450 1849 1543 1910 mollo:

413 1926 494 1976 refert.
999 1925 1043 1971 boc
1058 1939 1110 1985 ape.
1138 1925 1209 1982 Quid
1219 1926 1273 1973 oia?
1303 1926 1361 1974 Non
1371 1925 1546 1988 intelligoista

445 2005 558 2067 Effuudi
580 2017 662 2053 succos
682 2017 848 2051 nummorum.
882 2000 958 2050 Talia
998 2006 1029 2048 ut
1045 2004 1212 2065 viruseipiiu.
1237 2003 1366 2065 Quomodo
1376 2005 1443 2053 enim
1454 2005 1543 2053 eabae-

413 2093 472 2134 sunt
488 2087 627 2134 medimnus
644 2085 740 2142 trilici,
765 2083 861 2131 uwdius
877 2097 957 2128 aunu-
998 2083 1067 2128 renti
1093 2081 1206 2145 Opimius
1229 2091 1314 2148 rogat:
1344 2085 1430 2132 haeres
1454 2084 1545 2132 avidus

413 2167 505 2220 burum,
529 2161 642 2228 μέδιμνοι
661 2165 764 2226 πυρῶν,
790 2160 850 2219 alia,
868 2159 956 2223 quibus
997 2175 1053 2209 mea
1063 2163 1124 2210 mibi
1135 2163 1240 2222 auferet,
1256 2179 1297 2213 me
1309 2164 1383 2213 vivo?
1399 2164 1544 2228 Respondet

413 2243 572 2305 Oudendorp.
598 2240 727 2290 confirmat
753 2239 854 2289 Sueten.
873 2236 956 2300 Calig.
996 2241 1117 2291 medicus:
1143 2249 1172 2290 ut
1196 2243 1272 2306 igitur
1296 2244 1367 2292 vivas
1385 2244 1476 2306 vigila,
1500 2244 1544 2293 vel
1642 2247 1646 2254 '
1683 2216 1684 2223 ἵ

413 2312 453 2371 49.
469 2337 555 2371 aream
572 2336 728 2376 uenenorum,
745 2319 811 2382 quod
827 2325 852 2366 et
868 2317 955 2365 eonfir-
996 2321 1073 2382 vigila
1088 2322 1165 2384 igitur
1181 2332 1209 2370 ut
1223 2323 1302 2371 vivas.
1323 2324 1361 2371 At
1374 2323 1472 2371 vivebat
1482 2323 1543 2387 Opi-

412 2402 476 2450 mari
492 2406 588 2464 poterat
604 2397 730 2448 Ciceronis
748 2399 778 2445 de
792 2397 848 2445 Fin.
856 2397 906 2446 IV.
913 2399 954 2450 37.
995 2401 1071 2459 mius,
1089 2403 1212 2451 dormiens
1225 2417 1323 2467 quoque
1335 2403 1443 2452 vivebat.
1459 2404 1542 2453 Inter-

411 2497 475 2529 uaoe
491 2483 556 2538 auri.
589 2480 678 2528 Horat.
695 2477 779 2528 Carra.
793 2477 842 2526 IV.
853 2491 903 2526 x11.
917 2478 954 2529 17.
995 2489 1131 2543 pretantur:
1153 2483 1179 2530 in
1201 2497 1244 2542 eo,
1266 2498 1315 2544 quo
1335 2497 1402 2531 nune
1417 2497 1444 2531 es
1460 2490 1541 2544 natu,

413 2559 499 2610 Nardi
516 2574 613 2622 paruus
634 2574 707 2622 onyx.
740 2559 815 2607 Adue
836 2558 955 2620 iuterpre·
995 2561 1133 2609 vixvivere
1144 2562 1243 2621 videris,
1253 2577 1314 2610 cura
1325 2562 1402 2624 igitur
1412 2569 1443 2610 ut
1452 2564 1542 2612 morbo

339 2638 342 2644 ’
410 2645 446 2688 tes
464 2641 495 2688 ad
511 2639 664 2690 Petrou.60.
682 2655 739 2689 cum
754 2640 894 2687 alabastris
910 2653 954 2686 un·
994 2640 1112 2689 libereris.
1146 2640 1275 2690 Sententia
1295 2641 1363 2688 hand
1383 2641 1480 2704 inepta,
1496 2644 1541 2691 sed

409 2723 502 2782 quenti.
544 2722 612 2770 Hine
637 2720 797 2782 eorrigendus
821 2725 858 2767 est
884 2717 954 2766 locus
994 2734 1057 2783 quae
1077 2735 1110 2768 ex
1133 2720 1215 2768 verbis
1236 2735 1287 2768 nou
1309 2721 1361 2768 sine
1381 2719 1461 2768 multo
1482 2722 1541 2770 uisu

410 2799 508 2848 Horatii
532 2800 612 2862 Epist.
633 2799 655 2847 I.
681 2812 738 2847 xvr.
763 2799 803 2846 55.
838 2798 908 2846 Num
924 2799 955 2846 de
994 2804 1130 2861 torquetur.
1161 2801 1197 2847 Ut
1213 2800 1285 2847 uivus
1300 2805 1366 2846 reete
1381 2798 1539 2860 significaret,

409 2881 477 2928 mille
486 2879 567 2941 sabae
579 2879 669 2928 modiis
679 2893 736 2926 cum
746 2877 856 2939 surripis
866 2891 952 2924 uuum.
993 2884 1022 2926 ut
1035 2892 1066 2926 ne
1083 2877 1152 2927 brevi
1167 2878 1252 2926 vivere
1263 2878 1368 2937 desinas,
1379 2893 1411 2927 ne
1426 2880 1540 2938 moriare,

409 2957 471 3019 Quis
488 2973 597 3022 uuquam
608 2957 673 3006 dixit
684 2958 759 3005 modii
764 2956 859 3019 subuel
876 2955 953 3004 Recte
993 2966 1022 3006 ut
1036 2959 1138 3007 Petron.
1157 2957 1211 3006 lll.
1236 2957 1266 3005 de
1285 2957 1400 3016 muliere,
1422 2973 1486 3020 quae
1501 2959 1539 3007 vi-

409 3039 486 3087 modii
499 3038 641 3100 frumenti,
664 3038 735 3094 auri,
761 3036 872 3098 arpenti,
894 3035 953 3098 quia
991 3043 1044 3085 tarn
1060 3037 1207 3085 abstinentia
1228 3036 1298 3085 finire
1314 3039 1468 3086 decreverat:
1486 3041 1537 3096 eis,

408 3125 467 3168 sunt
488 3132 578 3182 genus:
603 3125 629 3164 at
650 3115 741 3179 species
757 3113 878 3177 pluralem
895 3127 951 3177 pos·
992 3118 1102 3165 άῦεονοοο
1129 3117 1246 3164 muliebri
1272 3131 1370 3174 errore,
1394 3132 1469 3179 quum
1492 3120 1538 3167 diu

407 3199 448 3246 cit.
481 3198 641 3260 Legendum:
660 3197 729 3244 Num
746 3194 952 3257 dsmlllefabam
991 3198 1105 3252 licuerit,
1122 3197 1186 3244 lucu
1201 3196 1332 3244 commode
1341 3195 1420 3257 frui?
1445 3198 1537 3258 Ipsum

407 3266 496 3326 modiis
513 3292 569 3325 cum
585 3276 695 3337 surripis
712 3288 802 3331 unam,
819 3274 951 3321 Damnum
991 3281 1015 3324 te
1024 3276 1136 3337 jamra
1152 3289 1241 3337 οονμιιε
1256 3289 1404 3323 commouere
1416 3277 1493 3334 debet,
1507 3285 1538 3327 ut

405 3361 455 3413 est,
477 3355 651 3417 musacium.
685 3351 776 3402 Acrior
794 3364 905 3414 quoque,
922 3358 950 3399 ut
989 3355 1067 3402 vicus.
1101 3351 1152 3402 Sed
1168 3367 1247 3416 neque
1265 3352 1323 3400 hinc
1338 3352 1406 3400 locus
1422 3354 1482 3402 satis
1499 3356 1536 3403 in-

405 3436 432 3483 in
448 3435 492 3483 tali
504 3435 684 3499 disputatione,
701 3431 813 3496 opposita
824 3447 876 3479 uua
882 3431 950 3496 suba
989 3431 1115 3495 telligitur.
1153 3433 1274 3481 Horatius
1299 3433 1401 3481 fortasse
1427 3435 1535 3497 scripsit:

405 3517 590 3574 metumedia,
616 3529 690 3578 quam
712 3527 776 3560 nnus
797 3513 896 3561 modius
916 3529 950 3562 ex
995 3516 1032 3561 Ut
1052 3515 1137 3576 vigiles
1156 3515 1249 3576 ipitur,
1265 3514 1349 3575 aloda.
1383 3514 1418 3561 Ni
1434 3520 1478 3562 tua
1493 3528 1535 3562 ou·

403 3595 479 3645 mille.
505 3596 538 3644 In
554 3595 724 3658 antiquissima
742 3592 799 3640 edit.
818 3592 950 3655 vidifame
989 3591 1079 3652 stodis,
1103 3592 1137 3640 ait
1161 3591 1282 3650 medicus,
1310 3592 1396 3641 haeres
1421 3600 1465 3641 tua
1488 3593 1534 3643 tibi

404 3675 499 3722 mediis.
526 3673 573 3722 Ille
586 3674 613 3721 in
624 3672 681 3722 MS.
693 3673 795 3720 fortasse
806 3669 869 3718 vidit
874 3672 949 3734 sum,
989 3670 1091 3719 auferet.
1124 3671 1200 3720 Mene
1216 3672 1294 3719 vivo?
1315 3672 1395 3734 inquit
1410 3680 1533 3735 aegrotus.

404 3753 450 3801 boc
466 3759 504 3801 est
513 3753 614 3815 sabam.
989 3750 1113 3799 Medicus:
1141 3753 1176 3800 Te
1189 3753 1251 3808 vivo,
1264 3758 1293 3799 ut
1305 3751 1420 3799 haeredes
1433 3752 1484 3799 iam
1498 3752 1533 3800 fa-

439 3835 508 3882 Meu'
525 3834 595 3882 οῦνοέ
628 3829 704 3895 Ἐμοῦ
722 3832 827 3887 ζῶντος.
853 3831 948 3880 Notum
988 3844 1042 3878 eere
1062 3831 1160 3891 vidisti;
1184 3831 1282 3894 etquis
1303 3837 1382 3888 vetet,
1406 3847 1484 3894 quum
1504 3841 1532 3881 tn

403 3929 435 3963 ex
446 3914 568 3970 Homero,
583 3918 608 3959 et
618 3910 753 3958 imitatione
764 3907 871 3957 Neronis
881 3911 947 3973 apud
987 3911 1101 3975 lethargo
1116 3927 1245 3976 oppressus
1261 3928 1388 3976 nunquam
1404 3913 1454 3961 fere
1466 3913 1531 3976 vigi-

402 3993 504 4044 Sueton.
526 3993 619 4041 Neron.
639 3991 679 4039 38.
714 3990 820 4038 Dicente
840 3991 946 4052 quodam
987 3990 1031 4039 les.
1063 3991 1153 4054 Vigila
1169 3992 1407 4056 igitur,utvigiles.
1432 3993 1492 4043 Sine
1506 4001 1531 4042 te

400 4077 428 4124 iu
452 4089 561 4122 sumone
585 4073 709 4123 communi
732 4069 792 4134 ἐμοῦ
816 4069 946 4126 θανόντος
986 4071 1073 4119 morbo
1084 4071 1191 4132 libera1i;
1202 4072 1344 4120 liberaberis
1359 4078 1531 4121 autemsnmto

401 4157 462 4218 γαῖα
492 4150 606 4217 μιχῦήτω
636 4149 710 4214 πυρί,
737 4151 824 4206 immo,
848 4150 946 4212 iuquit,
986 4150 1047 4198 cibo.
1079 4150 1202 4214 Alioquin
1218 4166 1296 4200 venae
1312 4157 1336 4199 te
1346 4151 1445 4215 inopem
1456 4152 1530 4199 desti·

399 4233 458 4297 ἐμοῦ
476 4231 580 4288 ζῶντος.
611 4230 661 4280 Ubi
674 4230 807 4294 legendum
822 4229 945 4292 suspicor:
986 4235 1069 4286 tueut,
1084 4243 1225 4293 nunquam,
1241 4237 1271 4278 ut
1288 4244 1355 4277 nunc
1371 4238 1529 4293 experrectus

398 4311 456 4375 ἐμοῦ
474 4310 511 4370 δὲ,
527 4312 622 4373 iuquit,
640 4310 743 4367 ζῶντος.
769 4309 845 4367 Nero,
856 4315 881 4357 et
892 4309 944 4371 ipse
985 4323 1024 4366 es,
1044 4311 1220 4372 expergiscere.
1253 4310 1289 4359 Ut
1304 4309 1381 4372 igitur
1393 4316 1438 4358 tua
1448 4316 1529 4358 custo

397 4390 482 4451 poeta,
503 4389 598 4439 Graeoe
614 4403 722 4453 quoque,
740 4387 851 4436 alludens
867 4387 944 4437 verbo
984 4387 1038 4436 dire
1053 4389 1144 4452 possis,
1160 4389 1266 4451 vigilare
1282 4403 1327 4452 pro
1341 4389 1390 4437 tuis
1407 4389 1485 4452 possis
1497 4404 1528 4437 ne

398 4475 493 4518 mutato
501 4479 607 4520 metrum
616 4471 731 4520 servavit.
742 4469 860 4519 Latinum
869 4470 943 4516 immo
983 4466 1030 4514 tibi
1053 4468 1108 4516 vivo
1131 4468 1280 4531 eripiantur,
1303 4474 1404 4516 veterno
1431 4468 1528 4523 sanari,

397 4555 477 4598 ortum
495 4551 590 4599 videtur
607 4565 638 4600 ex
654 4550 758 4602 uMOU
769 4548 941 4609 mulesoripto.
983 4546 1089 4609 vigilare
1111 4548 1191 4597 debes.
1224 4548 1280 4596 Hoc
1304 4561 1363 4610 age,
1389 4547 1435 4595 boo
1457 4561 1526 4596 cura.
