3542 5634
677 551 861 616 LIBER
908 552 931 615 l.

279 735 336 798 Nil
360 734 469 800 obstet
492 733 572 816 tibi,
597 735 677 801 dum
700 757 741 800 ne
764 735 810 800 sit
833 740 866 800 te
890 736 989 802 ditior
1011 737 1100 802 alter.

279 837 366 916 Quid
388 837 495 919 iuvat,
519 837 719 903 immensum
742 844 775 903 te
798 839 926 923 argenti
949 840 1078 923 pondus
1102 843 1136 904 et
1159 840 1229 904 auri

278 938 408 1003 Furtim
432 939 562 1004 defossa
585 938 742 1003 timidum
765 939 926 1024 deponere
949 943 1053 1006 terra?

278 1042 414 1124 „Qu0d,
439 1042 468 1108 si
490 1042 709 1124 comminuas,
734 1041 834 1107 vilem
857 1043 1025 1128 redigatur
1048 1045 1090 1110 ad
1113 1047 1255 1110 assem.“

278 1144 340 1226 At,
365 1144 401 1208 ni
423 1143 458 1208 id
480 1144 537 1225 fit,
562 1145 642 1228 quid
664 1145 765 1210 habet
786 1145 916 1229 pulchri
939 1151 1146 1212 constructus
1170 1151 1326 1214 acervus?
1345 1177 1429 1197 v·-

277 1246 386 1310 Millia
408 1246 566 1312 frumenti
591 1251 648 1312 tua
672 1247 799 1312 triverit
821 1270 896 1313 area
918 1253 1068 1331 centum,

276 1348 352 1414 Non
377 1355 454 1415 tuus
477 1331 670 1435 hoc'capiet
692 1356 806 1415 venter
827 1351 903 1436 pius
926 1374 963 1416 ac
986 1373 1098 1434 meua,
1122 1357 1160 1417 ut
1183 1352 1211 1416 si

277 1451 466 1517 Reticulum
488 1453 584 1537 panis
607 1453 739 1518 venales
762 1453 849 1519 inter
871 1460 991 1520 onusto

276 1555 374 1620 Forte
397 1555 495 1621 vehas
519 1556 671 1639 humero,
698 1557 803 1622 nihilo
825 1557 901 1643 plus
925 1558 1083 1643 accipian,
1108 1581 1207 1645 quam

276 1658 340 1737 Qui
363 1658 412 1722 nil
435 1659 582 1745 portarit
631 1661 693 1726 Vel
717 1660 786 1743 dic,
811 1662 891 1746 quid
913 1661 1031 1727 referat
1054 1661 1141 1726 intra

275 1749 420 1827 Naturae
442 1762 525 1828 fines
548 1763 689 1845 viventi,
715 1764 828 1849 iugera
850 1771 1002 1848 centum,
1026 1788 1069 1830 an

275 1865 368 1929 Mille
391 1868 481 1930 aret?
527 1867 598 1949 „At
621 1889 720 1932 suave
744 1872 795 1932 est
818 1888 859 1933 ex
880 1889 1003 1953 magno
1025 1870 1139 1934 tollere
1162 1872 1309 1933 acervoss

276 1967 365 2032 Dum
388 1990 429 2032 ex
452 1990 552 2053 parvo
576 1969 670 2034 nobis
695 1971 904 2036 tantumdem
927 1971 1055 2036 haurire
1078 1971 1262 2055 relinquas,

276 2071 344 2136 Cur
368 2077 425 2136 tua
447 2072 524 2155 plus
548 2072 661 2136 laudes
686 2073 827 2138 cumeris
849 2073 1002 2158 granaria
1024 2073 1167 2138 nostris?

278 2173 324 2237 Ut
348 2172 408 2237 tibi
433 2173 462 2237 si
486 2174 531 2238 sit
555 2195 636 2259 opus
660 2174 780 2259 liqu'idi
803 2197 869 2239 non
893 2175 1035 2260 amplius
1060 2197 1142 2240 urna

274 2275 335 2340 Vel
360 2275 496 2360 cyath0,
521 2282 555 2342 et
578 2277 668 2342 dicas
692 2300 837 2362 „magno
862 2279 901 2344 de
924 2278 1060 2343 flumine
1084 2277 1216 2359 malim,

273 2379 380 2458 Quam
403 2401 444 2444 ex
465 2380 526 2445 hoc
549 2379 709 2446 fonticulo
733 2381 941 2446 tantumdem
965 2385 1126 2446 sumere.“
1175 2381 1223 2446 Eo
1247 2382 1302 2464 fit,

273 2482 404 2547 Plenior
426 2487 465 2547 ut
488 2483 517 2546 ei
540 2505 620 2568 quoe
646 2482 785 2547 delectet
807 2484 902 2567 copia
925 2483 1029 2566 iusto,

273 2584 358 2650 (ium
381 2585 453 2670 ripa
476 2585 575 2650 simul
599 2586 730 2651 avulsos
754 2585 838 2650 ferat
859 2586 1001 2651 Aufidus
1026 2608 1105 2652 acer.

272 2689 320 2752 At
343 2689 399 2773 qui
422 2689 543 2754 tantuli
568 2695 658 2774 eget,
683 2693 806 2775 quanto
830 2695 881 2753 est
905 2711 1003 2774 opus,
1029 2689 1057 2754 is
1083 2712 1186 2776 neque
1209 2690 1289 2754 limo

227 2873 315 2936 Neque
331 2873 376 2921 ille
392 2872 577 2922 iumconsultoe
591 2875 775 2924 etcauaaidicoa
815 2877 847 2923 ad
867 2876 995 2923 formicam
1020 2877 1173 2937 provocatis,
1198 2889 1301 2938 eamque
1326 2875 1365 2923 hic

227 2951 335 2999 multum
352 2951 457 3000 amabat.
490 2953 557 3000 Hinc
574 2953 775 3017 Alsennavaser,
815 2954 944 3002 nominare
961 2955 1073 3002 audetis?
1106 2954 1214 3003 Illamne
1230 2954 1365 3010 formicam,

226 3030 296 3092 vafri
312 3031 416 3078 inscitia
431 3031 509 3086 iuria,
527 3032 640 3078 Labeone
655 3033 775 3090 insanior,
814 3046 892 3094 quac,
911 3033 992 3080 hieme
1007 3034 1135 3091 veniente,
1153 3035 1275 3096 sapienter
1292 3040 1365 3082 antea

225 3110 284 3158 alia.
317 3111 360 3158 Ex
377 3108 554 3158 RESPONSI
565 3108 638 3156 facile
649 3109 679 3157 fit
692 3111 774 3159 PER·
813 3116 885 3170 parto
906 3110 997 3167 utitur,
1019 3126 1141 3174 nusquam
1164 3113 1286 3175 prorepit,
1308 3126 1364 3160 cum

226 3188 345 3238 FIDUS.
366 3188 492 3237 Numerus
509 3187 639 3236 literarum
654 3189 774 3250 oetidem,
813 3201 858 3235 vos
875 3201 1003 3252 nunquam
1020 3190 1165 3252 quiescatis?
1193 3190 1275 3240 Habet
1291 3191 1364 3238 inter-

225 3268 313 3316 literae
328 3281 400 3330 saepe
416 3274 623 3330 transponuntur,
641 3274 666 3315 et
681 3283 774 3330 caupo,
814 3265 910 3327 rogatio
943 3282 1053 3316 amaram
1085 3270 1254 3331 negationem,
1288 3284 1363 3332 quarn

225 3361 340 3409 perverse
356 3331 481 3410 acceptus,
497 3346 589 3410 optime
604 3347 717 3409 perfidus
732 3363 774 3410 ap
814 3342 977 3393 Grammatici
995 3356 1084 3396 vocant
1100 3349 1305 3410 cbiuryotcrimn.

225 3426 339 3488 pellatur.
361 3426 495 3475 Praeterea
510 3440 542 3473 ex
554 3427 705 3488 compendiis
715 3428 773 3474 scri·
852 3427 888 3472 Ut
906 3427 953 3472 titt
969 3428 992 3473 ai
1008 3430 1042 3474 ait
1059 3442 1122 3489 apua
1139 3428 1232 3488 liquidi
1249 3443 1297 3475 non
1311 3443 1362 3475 am·

225 3512 312 3567 pturae
322 3505 393 3553 mille
406 3519 501 3553 errores
511 3504 773 3568 nascebantur3quam
811 3504 882 3563 plina
913 3519 980 3551 urna
1026 3507 1070 3553 Vel
1100 3507 1206 3567 cyatho,
1235 3512 1260 3554 et
1285 3507 1365 3555 dicar.

224 3584 319 3632 multae
340 3583 427 3632 literae
449 3583 475 3630 in
497 3583 579 3631 medio
594 3583 715 3645 longioris
732 3597 773 3631 vo
814 3580 901 3630 Oratio
917 3596 967 3630 non
982 3583 1074 3642 facilis,
1091 3598 1135 3631 cur
1149 3583 1204 3646 plus
1218 3584 1305 3632 laudas
1320 3592 1363 3634 tua
1409 3578 1415 3588 ’

223 3661 307 3710 cabuli
322 3662 438 3709 omissae!
473 3662 540 3723 Quid
556 3661 611 3710 fieri
628 3675 678 3709 non
694 3663 774 3723 potuit
813 3662 930 3722 granaria
946 3663 1036 3712 nostris
1053 3663 1175 3712 cumeris?
1203 3664 1239 3713 Ut
1261 3664 1283 3712 si
1301 3679 1362 3726 opus

224 3739 491 3790 v.c.ex1tltsl>slt
525 3741 553 3790 Si
563 3741 685 3788 sententia
695 3740 772 3803 patia-
813 3740 846 3786 sit
866 3755 915 3788 non
939 3741 1045 3804 amplius
1068 3757 1132 3790 urna
1154 3743 1195 3790 vel
1217 3744 1321 3806 cyatho,
1338 3753 1362 3792 et

224 3817 279 3876 tnr,
301 3819 336 3866 ait
353 3819 493 3883 Scioppius,
519 3819 559 3867 vel
584 3820 693 3867 maxime
715 3819 773 3868 huic
812 3818 886 3868 dicae.
921 3819 1063 3890 Simplicior
1079 3827 1144 3869 erat:
1168 3823 1217 3878 Ut,
1235 3824 1363 3871 titiaiait

223 3896 372 3946 Criticorum
389 3899 504 3947 audaciae
521 3898 674 3960 indulgeam.
812 3912 876 3959 apua
901 3901 991 3962 liquidi
1015 3915 1065 3948 non
1090 3901 1200 3962 crupitur
1219 3915 1285 3950 urata
1320 3903 1363 3950 Vel

258 3979 308 4026 Nil
323 3982 403 4027 clatet
420 3980 480 4037 titi,
505 3979 566 4025 dum
590 3993 621 4024 ne
644 3979 678 4024 tit
696 3983 720 4025 te
736 3978 772 4024 di·
813 3980 917 4040 cyatho,
935 3981 1019 4029 dicae:
1036 3994 1125 4042 muqno
1142 3979 1290 4040 defluminc
1299 3983 1362 4028 mal·

224 4058 276 4106 tior
291 4060 365 4107 alter.
398 4058 468 4106 Haec
483 4057 585 4105 omnino
596 4057 773 4119 interrogative
813 4057 861 4104 lem
898 4057 983 4114 Quum
1000 4073 1032 4106 ex
1049 4059 1092 4105 hor
1102 4056 1232 4118 fonticula
1249 4063 1360 4106 tuntum-

223 4132 345 4185 sumenda
360 4143 435 4185 sunt:
459 4138 517 4184 dum
542 4151 574 4184 ae
595 4137 630 4183 a't
655 4142 680 4185 te
696 4137 774 4184 ditior
813 4136 868 4182 deni
884 4137 996 4184 aarum?
1031 4134 1084 4184 Cur·
1101 4149 1133 4182 ex
1149 4136 1246 4197 magnis
1263 4136 1358 4198 potino,

224 4214 313 4265 ulter?
346 4214 473 4266 Sententia
498 4215 522 4262 in
551 4229 589 4262 va.
614 4215 647 4262 36
663 4215 773 4277 incepta,
813 4227 887 4274 quam
912 4227 945 4260 ex
969 4214 1053 4276 parvis
1079 4213 1151 4260 rebus
1178 4220 1288 4261 ventrem
1311 4215 1357 4262 im·

225 4295 265 4342 hic
280 4294 373 4343 finitur:
391 4295 462 4342 aiunt
478 4308 504 4341 se
520 4293 612 4340 imitari
629 4293 773 4356 exemplum
812 4291 897 4354 pleae?
939 4293 996 4340 Non
1027 4293 1092 4340 enim
1124 4301 1175 4338 tam
1202 4292 1293 4340 stultus
1319 4308 1358 4350 os,

225 4374 355 4432 formicae,
380 4388 457 4438 quae,
482 4373 653 4436 quodcumque
680 4378 772 4434 potest,
813 4377 840 4418 ut
865 4371 942 4418 dicas:
965 4369 1067 4418 mallem
1089 4370 1206 4432 cyathum
1223 4385 1301 4434 aquae
1326 4387 1358 4422 ex

224 4467 267 4501 ore
283 4455 372 4511 trahit,
397 4461 422 4502 et
444 4467 533 4501 acervo
557 4451 637 4508 addit,
662 4466 711 4500 non
736 4452 772 4499 in·
812 4464 905 4513 magno
922 4450 1022 4498 flumine
1040 4464 1112 4512 quom
1131 4464 1162 4497 cx
1180 4450 1297 4500 fonticulo
1314 4467 1356 4500 su·

223 4540 297 4581 cauta
306 4533 390 4583 futuri.
407 4532 525 4582 Horatius
534 4532 672 4594 respondet:
687 4532 773 4580 Vosne
813 4533 895 4578 mere?
