3542 5634
415 501 458 563 26
799 495 1181 560 SATIRARUM

460 682 603 749 Insidias
626 680 716 763 fieri,
740 679 947 765 pretiumque
970 678 1103 744 avellier
1126 683 1203 744 ante

461 786 567 867 Quam
591 805 731 848 mercem
756 780 909 848 ostendi?
933 779 1116 866 „Leporem
1136 785 1273 846 venator
1296 787 1335 846 ut
1351 781 1421 846 alta

461 889 525 972 „In
548 887 624 952 nive
647 892 811 967 sectetur,
836 883 985 969 positum
1008 883 1055 948 sic
1077 887 1211 968 tangere
1235 883 1359 949 nolit:“

460 991 600 1072 cantat,
625 994 659 1054 et
681 987 836 1074 apponit:
861 1007 977 1069 „meus
1001 990 1051 1050 est
1075 1007 1166 1051 amor
1187 986 1265 1052 huic
1288 985 1407 1051 similis
1419 1012 1428 1063 ;
1453 1008 1534 1052 nam

460 1091 676 1177 „transvolat
697 1090 733 1153 in
756 1089 865 1154 medio
887 1087 1014 1174 posita,
1038 1093 1073 1152 et
1095 1087 1258 1173 fugientia
1280 1092 1426 1173 captat“

459 1195 596 1260 Hiscine
618 1192 788 1260 versiculis
812 1214 923 1278 speras
948 1191 1010 1256 tibi
1031 1213 1128 1277 posse
1152 1191 1279 1256 dolores

457 1298 569 1383 Atque
591 1301 703 1362 aestus
726 1317 884 1380 curasque
906 1316 1021 1380 graves
1045 1316 1063 1359 e
1084 1299 1214 1380 pectore
1237 1293 1341 1379 pelli?

459 1401 597 1482 Nonne,
622 1396 831 1484 cupidinibus
855 1401 982 1462 statuet
1004 1401 1122 1461 natura
1144 1396 1280 1461 modum
1303 1417 1415 1482 quem,

460 1502 548 1583 Quid
569 1502 694 1584 latura,
718 1499 782 1566 sibi
805 1499 885 1586 quid
909 1500 954 1566 sit
976 1498 1118 1564 doliture
1140 1503 1313 1584 negatum,

414 1638 464 1685 iam
481 1636 564 1684 senat.
581 1634 687 1683 Altera?
703 1635 751 1683 Est
766 1633 792 1681 in
810 1632 876 1682 Cois.
895 1631 962 1684 Coae
1003 1634 1130 1695 oliqeuter,
1141 1635 1399 1692 siuccertocoucilio,
1414 1647 1496 1696 neque
1507 1649 1557 1696 pro

414 1715 450 1763 nil
461 1716 506 1764 tibi
517 1714 630 1772 obstant,
646 1712 682 1761 nil
695 1711 808 1760 officiunt
820 1711 897 1761 oculis
905 1713 962 1762 tuis.
1004 1709 1065 1770 εἰκῆ,
1084 1711 1118 1767 ὡς
1134 1712 1232 1774 ἔτυχεν,
1249 1717 1384 1773 ponuntur.
1401 1712 1556 1774 Interpretes

414 1792 494 1841 Vides
509 1806 588 1856 paene
611 1798 640 1839 ut
661 1793 767 1840 nudam:
788 1791 857 1839 vides
875 1805 908 1840 ne
931 1792 963 1840 sit
1002 1789 1095 1839 Joann.
1112 1789 1161 1839 IV.
1179 1789 1202 1837 6.
1219 1789 1321 1838 meliora
1337 1789 1420 1837 docuit
1433 1789 1555 1838 Winerus

413 1885 486 1920 crure
506 1871 584 1931 malo,
609 1886 642 1919 an
661 1872 704 1930 sit,
728 1884 774 1919 nec
798 1884 831 1919 ne
849 1871 887 1920 sit.
923 1873 964 1921 Ne
1004 1867 1141 1918 Grammat.
1159 1883 1182 1931 p.
1198 1868 1255 1920 702.
1289 1868 1342 1932 Ipsi
1358 1869 1488 1930 scriptores
1505 1869 1555 1930 igi-

414 1951 440 1998 in
461 1952 506 2000 tali
526 1952 676 2001 dubitatione
700 1952 860 2015 productum,
883 1956 913 1998 ut
936 1949 962 1997 in
1002 1953 1043 1996 tur
1054 1961 1127 2010 saepe
1142 1947 1234 2011 aliquid
1250 1947 1392 2011 explicandi
1407 1961 1494 1995 caussa
1509 1949 1555 1995 sd-

414 2029 544 2094 calpurnii
559 2031 646 2093 Eelog.
654 2031 689 2080 V.
697 2030 738 2082 72.
756 2031 808 2079 Sed
823 2030 870 2077 tibi
885 2044 962 2092 quum
1003 2027 1078 2084 dunt,
1094 2028 1129 2074 ric
1146 2028 1262 2085 tenuiter,
1281 2025 1345 2076 utre
1360 2025 1422 2087 εἰκῆ,
1439 2025 1536 2074 similia

413 2125 506 2160 vacuus
520 2112 603 2174 perito
619 2111 741 2158 velamine
760 2113 841 2157 cotim
874 2109 962 2155 Dcuu-
1035 2104 1189 2154 Doderlinus
1205 2105 1313 2168 praefert
1324 2106 1472 2169 scripturam
1489 2105 1554 2154 eod.

413 2190 485 2238 dabit
501 2190 567 2247 wis,
583 2190 757 2250 circumspice,
780 2202 812 2235 ue
833 2187 869 2234 sit
886 2190 962 2234 acuta
1002 2182 1107 2231 Dessev.
1118 2187 1453 2246 positumritauqsremolit.
1470 2185 1553 2247 Lepo-

365 2298 368 2302 ‡
415 2268 513 2330 Furficc
530 2269 599 2315 mesu
615 2268 689 2315 cutis.
1002 2275 1055 2309 rem
1065 2269 1171 2311 sectatur
1182 2263 1208 2311 in
1219 2265 1289 2321 nive,
1300 2263 1413 2328 quamvis
1427 2263 1454 2310 in
1464 2277 1554 2312 mensa

445 2344 599 2394 Doderlinus
620 2341 746 2390 distinxit:
768 2344 853 2390 ultera
868 2342 907 2389 mil
923 2344 961 2390 ob·
1001 2341 1107 2403 positum
1124 2349 1226 2404 tangere
1235 2342 1318 2391 nollet.
1338 2342 1552 2404 Siproett'amsi,

413 2429 466 2472 ctat
497 2423 569 2485 (Coit
596 2424 644 2470 titi
657 2436 739 2483 paene
752 2422 836 2469 cidere
851 2425 888 2468 cst
925 2421 962 2468 Ut
1002 2426 1027 2468 et
1050 2423 1160 2482 positum
1184 2435 1229 2484 pro
1259 2423 1404 2483 appositum
1429 2421 1552 2482 exemplis

413 2502 519 2564 nudam)
541 2517 573 2550 ne
594 2515 669 2550 crure
692 2501 771 2558 maio,
795 2515 827 2548 nc
849 2500 885 2546 cit
899 2499 962 2560 pede
1002 2498 1144 2548 Horatianis
1152 2499 1287 2548 confirmat.
1306 2499 1458 2550 Sententiam
1466 2514 1552 2548 meam

414 2582 493 2641 turpi.
518 2581 559 2629 Ita
574 2596 606 2628 nc
621 2580 745 2642 pendet'a
768 2580 806 2627 nil
822 2581 920 2637 obstat,
936 2584 961 2625 et
1001 2592 1053 2626 non
1068 2585 1145 2626 muto.
1180 2581 1286 2627 Potitus
1303 2581 1374 2641 lepus
1394 2580 1499 2627 eandem
1517 2580 1552 2628 ai·

413 2659 460 2716 ait,
475 2659 549 2707 modo
559 2657 713 2721 praegnanti,
731 2658 795 2705 idem
811 2661 960 2714 estaccer-
1001 2656 1184 2718 gnificationem
1217 2656 1333 2720 requirit,
1358 2671 1433 2720 quam
1457 2658 1552 2708 habent

412 2743 494 2786 natur
511 2752 575 2795 esse,
593 2742 726 2799 appareat.
760 2735 892 2798 Alioquin,
912 2735 959 2792 ait,
998 2738 1084 2797 posita
1100 2739 1128 2784 im
1140 2737 1226 2784 medio.
1243 2735 1362 2783 Horatius
1374 2737 1451 2784 utitur
1461 2739 1550 2786 eodem

412 2817 497 2864 altera
512 2815 589 2878 accipi
613 2815 684 2863 debet
706 2815 828 2873 absolute,
854 2812 908 2871 vel,
932 2819 961 2861 ut
1000 2814 1088 2873 verbo,
1105 2813 1271 2863 Callimachus
1289 2814 1403 2874 diversis,
1420 2813 1552 2877 βέβληται

412 2894 619 2956 Dsslenbnrgerua
629 2895 811 2957 interpretatur,
823 2893 961 2942 sententiae
1000 2900 1025 2942 et
1041 2894 1069 2942 ἐν
1085 2892 1169 2958 μέσσῳ
1188 2893 1296 2956 κείμενα.

405 2969 486 3031 filum
511 2973 649 3032 abruptum
666 2985 697 3017 erc
712 2970 855 3018 imitatione
869 2985 960 3019 emmo·
1035 2973 1105 3030 Quid
1120 2973 1222 3029 latura,
1239 2972 1288 3019 sibi
1303 2973 1367 3034 quid
1382 2975 1417 3020 sit
1434 2974 1551 3022 dolitura

412 3050 453 3096 uu
469 3049 620 3110 quotidiani.
645 3046 695 3096 Sed
715 3047 804 3096 melius
825 3056 863 3097 est
882 3050 959 3098 nomi·
1000 3056 1125 3113 acuatum.
1168 3049 1285 3112 Optimus
1311 3050 1430 3113 interpres
1458 3052 1550 3100 mentis

411 3127 509 3176 nativos
524 3127 597 3186 istos,
620 3140 672 3174 non
693 3126 741 3175 nisi
763 3127 877 3177 ultimum
895 3127 959 3176 retir-
1000 3129 1153 3178 Horatianus
1169 3133 1206 3176 est
1223 3127 1317 3178 Seneca
1325 3129 1405 3192 Epist.
1420 3130 1474 3179 119.
1495 3133 1551 3182 Nec

412 3206 495 3267 glum,
511 3205 633 3253 adhibere.
668 3204 738 3253 Haec
753 3204 913 3254 Doderlinus.
999 3208 1261 3270 illuminatricem
1278 3210 1549 3270 aliquiducturocne·

445 3287 565 3334 Positum
581 3286 618 3333 ric
635 3291 736 3346 turrqere
751 3286 823 3332 nolit.
843 3285 960 3334 Venatur
999 3300 1053 3348 cer:
1071 3292 1205 3335 contumax
1221 3291 1272 3343 eat,
1295 3301 1345 3335 uon
1363 3292 1447 3349 puteat
1465 3289 1547 3347 vinci,

412 3365 521 3428 leporem
538 3363 563 3410 in
581 3361 631 3410 alta
647 3363 704 3411 nive
724 3361 877 3424 fugientem,
893 3361 959 3426 lepo-
999 3379 1073 3412 suum
1087 3365 1179 3427 poscit:
1198 3366 1243 3412 sed
1262 3370 1305 3422 ut,
1327 3367 1453 3428 quidquid
1472 3374 1549 3416 uatu-

412 3459 465 3494 rem
491 3443 526 3492 sic
546 3441 669 3506 positum,
692 3449 721 3490 nt
742 3442 851 3505 positum
876 3441 959 3501 videt,
999 3457 1056 3491 ram
1083 3443 1194 3501 excedit,
1221 3444 1287 3492 aciae
1310 3445 1457 3506 precarium
1484 3460 1548 3504 esec,

412 3539 436 3572 r.
453 3538 474 3571 c.
491 3523 517 3571 in
534 3522 592 3571 nido
613 3522 747 3579 iacentem,
770 3521 865 3569 uisere
882 3535 959 3569 manu
999 3536 1048 3572 nort
1072 3522 1247 3571 neceesarium.
1290 3523 1399 3572 Esurio.-
1425 3525 1547 3573 edendune

411 3602 564 3664 prehendere
574 3599 658 3661 possit,
667 3597 797 3646 interiectu
807 3598 958 3658 facillimum,
998 3607 1043 3650 cet.
1083 3603 1177 3650 Utrum
1203 3602 1243 3649 hic
1266 3603 1341 3664 penu
1365 3605 1401 3651 rit
1423 3604 1548 3665 plebeius,

412 3694 463 3728 non
474 3679 529 3728 vult
544 3685 654 3739 tangere.
670 3676 876 3741 PlautAmphit.
890 3678 924 3727 V.
939 3692 957 3726 1.
998 3695 1033 3727 aa
1049 3680 1185 3741 silicium,
1202 3681 1236 3728 od
1251 3685 1373 3730 acturam
1389 3679 1456 3730 attii
1468 3684 1546 3743 perti·

411 3758 452 3806 20.
472 3757 538 3815 Quis
555 3757 596 3806 bic
611 3762 650 3805 est
665 3757 958 3818 communicationis
999 3762 1048 3806 uet.
1082 3759 1138 3805 Ilia
1154 3762 1265 3806 verztrem
1282 3757 1463 3808 condelectari
1484 3763 1546 3818 vuit,

411 3841 515 3884 nostrus
530 3837 566 3884 sic
582 3837 662 3885 iacet?
678 3850 800 3884 numnam
817 3838 883 3884 bunc
896 3852 956 3898 per·
997 3837 1040 3884 reci
1059 3837 1168 3897 impleri.
1202 3835 1313 3896 Natura,
1335 3837 1394 3885 dicit
1414 3838 1545 3895 Horatius,

411 3916 488 3964 arsut
506 3914 643 3978 Iuppiter?
670 3914 751 3962 Crede
767 3915 867 3976 edepol:
890 3931 957 3974 nour,
998 3913 1151 3977 cupidinibus
1168 3915 1218 3963 suis
1235 3917 1337 3964 modum
1353 3917 1453 3975 statuit,
1470 3925 1495 3966 et
1506 3932 1544 3966 su·

409 3996 474 4057 prot
491 3995 626 4056 Iuppiter!
642 3993 757 4056 sepultus
767 3998 816 4050 eet,
833 3996 907 4052 quasi
922 3995 957 4042 eit
997 4007 1131 4055 pervacuus
1148 3993 1195 4042 sibi
1212 3995 1299 4057 negari
1316 3995 1386 4044 facile
1397 3995 1456 4042 fert:
1472 3995 1498 4043 in
1509 4011 1543 4059 sq.

410 4078 530 4122 mortuus.
559 4071 710 4134 significatio
721 4070 854 4134 particulae
868 4074 905 4122 aie
920 4079 957 4121 ast
998 4071 1098 4119 haereo:
1115 4073 1183 4120 deest
1200 4072 1266 4122 enim
1283 4073 1342 4137 qnid
1363 4082 1458 4137 poscat,
1480 4078 1544 4139 quod

410 4152 553 4216 multiplex,
577 4166 673 4216 semper
690 4165 723 4199 ex
742 4152 863 4200 sententia
881 4150 956 4199 totius
997 4148 1043 4197 sibi
1059 4150 1146 4212 negari
1161 4165 1211 4199 non
1229 4151 1298 4200 serat.
1330 4153 1446 4202 Fortasse
1462 4152 1543 4216 legen-

410 4230 456 4279 loci
471 4231 606 4280 efficienda.
628 4231 724 4279 Eadem
739 4236 777 4277 est
792 4231 855 4278 ratio
868 4230 957 4280 Graeci
997 4228 1068 4276 dum:
1097 4229 1167 4286 Quid
1190 4231 1268 4279 latret
1288 4232 1337 4279 eibi
1357 4234 1460 4293 querit
1483 4235 1543 4282 deii-

411 4308 504 4369 οὕτως,
529 4310 560 4357 de
584 4323 633 4372 quo
658 4315 711 4356 tum
736 4308 824 4356 certius
842 4308 957 4357 constitui
998 4311 1060 4353 tura
1076 4313 1172 4370 nepote.
1207 4308 1347 4373 Quid,quo
1357 4317 1449 4373 negato
1458 4311 1491 4360 sit
1502 4314 1541 4362 do-

411 4393 503 4449 potest,
526 4388 548 4435 si
572 4387 726 4450 participium
749 4387 877 4435 antecedit.
912 4387 957 4436 Sic
996 4383 1082 4443 litura,
1099 4385 1146 4434 sibi
1163 4385 1242 4436 latret.
1276 4388 1331 4437 Hoc
1351 4387 1428 4452 igitur
1449 4398 1541 4440 estne.

375 4479 377 4482 ’
411 4473 436 4515 et
453 4465 531 4522 οὕτως
547 4479 591 4528 per
610 4481 636 4515 se
654 4479 705 4514 non
729 4479 774 4526 pro
796 4471 898 4522 tencre,
915 4479 955 4512 ue·
997 4463 1142 4522 cessarium,
1169 4473 1193 4514 et
1214 4474 1339 4529 tamqnam
1361 4481 1433 4517 suum
1454 4470 1541 4531 poscit:
