3542 5634
412 454 455 515 70
803 445 1151 512 SATIRARUM

456 638 506 701 Ne
526 638 609 702 foret
631 636 682 700 his
706 635 820 715 testis,
847 639 924 718 post
945 653 1067 715 magna
1090 629 1191 694 latere
1213 630 1370 714 seprdera.

457 738 599 804 Mentior
621 739 706 803 atsi
731 737 828 823 quid,
852 735 974 800 merdis
999 740 1097 819 eaput
1118 733 1270 818 inquiner
1291 733 1376 798 albis

456 843 634 907 Oorvorum
658 847 756 925 atque
779 840 814 903 in
836 861 889 903 me
910 837 1021 902 veniat
1044 837 1182 900 mictum
1205 841 1304 920 atque
1324 841 1472 900 canatum

454 944 560 1009 Iulius
583 950 617 1008 et
640 942 767 1028 fragilis
790 941 942 1006 Pediacia
964 939 1079 1024 furque
1098 939 1258 1003 Vorenus.

456 1047 594 1131 Singula
617 1047 696 1131 quid
718 1046 918 1110 memorem?
945 1064 1009 1128 quo
1031 1047 1127 1126 paeto
1154 1042 1281 1106 alterna
1304 1042 1476 1124 loquentes

453 1150 597 1214 Umbrae
619 1172 694 1214 oum
721 1149 851 1233 Sagana
873 1145 1057 1212 resonarint
1081 1145 1174 1209 triste
1194 1151 1227 1208 et
1248 1150 1393 1226 acutum,

452 1253 563 1336 thue
582 1253 652 1337 lupi
674 1253 809 1317 barbam
833 1251 940 1315 variae
962 1271 1036 1313 eum
1061 1242 1328 1313 dente'colubrae

406 1438 433 1484 in
449 1438 535 1484 eadem
553 1437 629 1495 fossa,
651 1437 700 1485 alia
716 1453 789 1500 super
806 1437 865 1492 alia,
887 1449 953 1497 sepe·

407 1514 514 1572 liuntur,
532 1517 656 1564 exsistunt
672 1517 743 1578 parvi
759 1515 840 1571 eolles,
853 1516 953 1562 turnuli.

406 1595 460 1642 Hos
482 1593 602 1651 tumulos,
623 1595 673 1641 iam
695 1594 822 1642 arboribus
839 1593 955 1649 vestitos,

406 1680 489 1720 tamen
511 1673 617 1735 appellat
637 1674 750 1736 sepulcra
771 1690 873 1735 auspiia,
891 1675 953 1720 alta.

406 1749 496 1812 Cogita
517 1767 541 1798 v.
558 1766 578 1800 c.
603 1753 715 1814 sepulcra
735 1753 844 1800 militum
862 1754 953 1802 Roma-

995 1433 1133 1496 aeeipiebat.
1176 1433 1343 1480 Doderlinus:
1370 1434 1461 1490 „Luna
1485 1433 1549 1481 latet

994 1521 1049 1575 post
1071 1515 1197 1573 sepulcra,
1223 1513 1269 1560 hoc
1293 1521 1341 1570 est,
1366 1521 1422 1573 post
1444 1515 1549 1570 nribus,

994 1592 1064 1654 quasi
1081 1589 1199 1652 sepulcra.
1232 1590 1319 1638 Densa
1336 1597 1360 1638 et
1371 1591 1490 1638 continua
1502 1606 1549 1639 nu·

994 1669 1042 1717 bila
1059 1676 1119 1716 sunt
1135 1669 1206 1732 quasi
1224 1668 1338 1732 sepulcra
1356 1670 1468 1718 Lunae.“

1029 1751 1160 1797 Pediatia.
1194 1751 1312 1797 Fortasse
1331 1750 1399 1797 locus
1416 1751 1451 1797 ita
1468 1751 1549 1813 expli·

405 1843 493 1878 norum
511 1831 537 1878 in
554 1831 638 1878 multis
650 1832 790 1894 regionibus
806 1832 878 1880 hodie
895 1847 953 1895 quo·
994 1829 1045 1875 cari
1061 1835 1153 1891 potest,
1171 1836 1198 1875 ut
1216 1829 1346 1876 videantur
1364 1838 1415 1876 tres
1427 1843 1480 1876 esse
1491 1844 1547 1892 per·

404 1924 452 1972 que
469 1911 568 1958 nomine
586 1913 740 1959 iurrrulorum
757 1911 863 1973 cognita.
893 1912 954 1960 Post
993 1922 1081 1965 sonae,
1098 1908 1191 1964 Iulius,
1205 1916 1230 1956 et
1241 1908 1366 1966 PedIacia‚
1383 1909 1547 1967 ctVoranus‚

404 1988 465 2037 talia
482 1987 594 2050 sepulcra
610 1989 685 2037 Luna
701 1996 797 2051 poterat
814 1992 899 2039 latere.
993 1987 1037 2034 sed
1064 1987 1163 2048 proprie
1185 1987 1235 2033 sint
1260 1987 1325 2043 duo,
1351 1987 1433 2035 Iulius
1456 1987 1547 2036 Pedia-

435 2067 523 2129 Vulgo
540 2068 613 2115 aliter
632 2069 715 2130 imago
733 2067 797 2116 Solis
814 2074 839 2115 et
855 2069 952 2126 Lunae,
993 2065 1045 2111 eius
1067 2073 1091 2112 et
1112 2066 1238 2114 Vorenus.
1274 2063 1343 2124 Quos
1366 2066 1472 2127 Priapus
1494 2081 1547 2114 non

405 2160 436 2194 ne
453 2147 513 2209 quid
530 2147 642 2204 videant,
660 2147 772 2210 fingitur.
798 2147 842 2197 Sol
854 2164 868 2194 a
880 2149 952 2197 robus
993 2153 1129 2202 recusaret,
1145 2145 1278 2208 quominus
1295 2152 1377 2192 essent
1393 2146 1507 2202 venturi,
1526 2149 1547 2194 si

377 2264 379 2267 ,
404 2225 554 2287 turpissimis
572 2229 670 2274 cultum
687 2229 795 2282 auertit,
811 2228 954 2288 seculipine
993 2225 1151 2280 mentiretur,
1175 2239 1227 2271 esse
1249 2224 1340 2272 debent
1359 2223 1472 2272 homines
1489 2239 1545 2287 per-

405 2307 482 2364 tenit,
500 2303 555 2350 sim.
588 2304 628 2351 De
648 2304 724 2351 Luna
740 2303 801 2351 haee
817 2311 951 2352 annotare·
993 2302 1037 2349 diti
1054 2309 1078 2349 et
1095 2302 1206 2350 infames.
1240 2303 1277 2352 Ut
1293 2303 1413 2351 Vorenus
1435 2303 1546 2364 appella-

402 2395 473 2428 ram:
490 2381 603 2429 Iuvenal.
622 2381 697 2430 Satir.
708 2383 786 2431 VIII.
801 2385 855 2431 149.
873 2385 954 2431 Nocte
992 2387 1033 2427 tur
1050 2381 1103 2438 fur,
1126 2383 1174 2438 ita,
1197 2382 1217 2428 si
1238 2381 1318 2429 Iulius
1340 2382 1391 2444 ipse
1409 2389 1474 2430 esset
1490 2397 1545 2445 per-

403 2462 511 2521 quidem,
519 2462 563 2508 sed
573 2461 649 2508 Luna
658 2463 733 2518 videt,
741 2463 872 2510 sedaideru
881 2467 954 2510 testea
992 2474 1065 2518 sona,
1083 2461 1190 2522 epitheto
1207 2468 1345 2519 notaretur,
1362 2468 1390 2508 ut
1400 2461 1453 2522 fur
1461 2463 1545 2511 Vora-

403 2540 546 2588 Intendunt
563 2542 650 2588 oculor.
685 2541 810 2588 Larianus
827 2542 858 2588 de
869 2541 952 2588 Morte
992 2552 1053 2595 nus,
1072 2539 1181 2600 flnytlia
1206 2539 1329 2586 Pediaeia.
1365 2539 1475 2588 Notatur
1500 2543 1546 2590 Iu·

402 2616 504 2678 Peregr.
516 2618 556 2664 36.
582 2617 666 2676 ἐπειδὴ
677 2618 693 2677 ἡ
706 2618 798 2677 σελήνη
810 2617 951 2675 ἀνέτειλεν,
991 2615 1050 2674 lius,
1068 2631 1113 2678 pro
1120 2619 1241 2666 Pediatia
1258 2617 1393 2681 appellatus
1410 2621 1545 2670 Pediatia.

400 2694 446 2743 ἔδει
464 2698 512 2759 γὰρ
528 2694 647 2758 κᾴκεὶνην
662 2695 806 2744 θεάσασθαι
822 2694 950 2761 risnelli·
993 2695 1047 2741 Iam
1059 2696 1145 2742 Iulius
1155 2702 1179 2743 et
1193 2698 1317 2744 Pediaet'a
1328 2697 1404 2759 accipi
1416 2705 1505 2760 potest,
1517 2709 1546 2748 ut

401 2789 464 2820 στον
481 2777 557 2821 τοῦτο
574 2775 657 2836 ἔργον.
677 2775 746 2821 Idem
755 2776 780 2821 in
792 2774 897 2822 Icarom.
910 2777 951 2824 21.

401 2849 451 2914 κᾷν
467 2870 525 2901 τινα
542 2851 597 2913 ἴδω,
618 2852 673 2900 dicit
692 2853 774 2914 Luna,
793 2855 880 2902 αὐτῶν
897 2873 950 2918 μοι·

403 2929 522 2992 χεύοντα,
537 2931 554 2989 ἠ
570 2930 726 2992 κλέπτοντα,
744 2933 760 2990 ἢ
776 2932 841 2979 ἄλλο
857 2951 880 2979 τι
895 2933 951 2981 τολ-

401 3009 489 3067 μῶντα
496 3009 719 3072 νυκτερινώτατον,
730 3009 804 3065 εὐθὺς
813 3008 953 3057 ἐπισπασα-

400 3084 587 3151 pimenem,
594 3088 952 3153 tveaaivtdpnvndhancra-

402 3165 493 3212 tionem
504 3167 623 3214 Horatius
633 3168 766 3230 imaginem
777 3169 867 3216 Lunae
878 3168 952 3215 infor-

402 3259 470 3292 mare
487 3248 616 3307 potuisset,
634 3261 661 3294 se
677 3246 778 3294 celantis
790 3253 845 3307 post
856 3249 952 3294 nubem.

992 2774 1051 2822 olim
1061 2775 1148 2822 urbani
1158 2789 1201 2838 per
1210 2775 1290 2822 iocum
1298 2776 1439 2824 scribebant
1448 2779 1545 2842 aliquid

993 2868 1045 2900 esse
1059 2860 1141 2900 actum
1152 2855 1220 2900 Iulio
1236 2861 1260 2901 et
1281 2855 1387 2902 caesare
1407 2857 1475 2904 Cosa.
1502 2859 1545 2908 De

992 2933 1040 2980 isto
1060 2935 1155 2994 generis
1175 2932 1287 2980 feminini
1305 2949 1352 2981 usu
1375 2935 1544 2987 conserendus

992 3012 1106 3059 Freinsh¹
1124 3013 1154 3058 ad
1173 3011 1288 3060 Curtium
1306 3013 1384 3062 V111.
1405 3017 1426 3064 1.

1029 3093 1123 3140 Variae
1143 3106 1200 3140 euin
1220 3093 1293 3139 dente
1310 3095 1431 3142 columae.
1465 3096 1543 3144 Haud

992 3169 1060 3231 peius
1072 3175 1135 3217 esset
1148 3168 1254 3218 Marsae
1264 3185 1320 3218 oum
1333 3173 1407 3220 ιὶτηιε
1418 3175 1543 3224 colunne.

993 3248 1084 3296 Politae
1101 3247 1216 3295 animalia
1232 3249 1359 3296 nominare
1376 3257 1461 3298 amant
1476 3268 1492 3299 a
1504 3268 1542 3301 rc·

435 3326 504 3374 Acro
526 3335 609 3375 autem
631 3327 700 3374 aliud
724 3327 814 3390 legisse
837 3324 952 3374 videtur:
992 3326 1075 3388 gioria,
1102 3327 1127 3373 in
1153 3341 1202 3389 qua
1226 3341 1270 3374 seu
1296 3329 1389 3376 virtute
1413 3345 1458 3378 seu
1481 3333 1543 3380 vitio

403 3405 481 3461 „Post
496 3422 589 3470 magna
605 3405 682 3454 latere
698 3404 822 3469 sepulcra:
840 3403 951 3452 ioculari·
991 3404 1136 3453 excellentia
1152 3411 1296 3453 nascuntur.
1322 3406 1460 3468 Hegionem
1473 3411 1542 3458 Mar-

403 3492 452 3543 ter,
475 3500 507 3534 ne
524 3487 578 3548 quis
596 3501 625 3533 ea
643 3486 748 3540 videret,
770 3483 879 3532 latebant
895 3490 952 3546 post
991 3486 1065 3532 sicam
1090 3484 1188 3546 plenam
1209 3485 1284 3534 fuisse
1304 3493 1401 3548 oportet
1423 3493 1542 3551 serpenti-

403 3565 540 3625 sepulera.“
580 3564 647 3611 Fieri
673 3570 768 3625 potest,
793 3569 822 3609 ut
846 3562 950 3624 legerit:
990 3563 1037 3610 bus
1054 3570 1078 3610 et
1095 3563 1200 3610 colubris
1212 3563 1321 3612 maxime
1333 3569 1471 3623 venenatis,
1479 3563 1542 3631 'quia

404 3641 537 3703 Serpentes
552 3647 629 3703 atque
644 3643 740 3689 uideres
769 3640 893 3703 Infernas
910 3655 949 3687 er-
991 3641 1102 3703 magicus
1133 3641 1276 3688 Marsorum
1309 3649 1398 3690 cantus
1426 3645 1541 3707 inprImis

401 3733 462 3765 rnre
472 3733 558 3776 ennea,
572 3720 721 3780 Lunamque
735 3720 875 3776 rubentem
892 3714 949 3765 Neu
990 3721 1074 3768 valere
1090 3720 1235 3768 credebatur·
1252 3721 1284 3767 ad
1300 3736 1374 3770 omne
1386 3738 1466 3785 genus
1477 3725 1541 3773 illud

392 3797 468 3853 foret
489 3799 530 3846 bis
552 3799 635 3856 tntu,
657 3802 713 3860 post
725 3812 817 3858 annona
832 3798 950 3857 sepulcra
990 3800 1168 3862 rumpendum,
1193 3806 1218 3846 et
1239 3799 1318 3847 Marsi
1340 3800 1387 3862 ipsi
1405 3805 1541 3852 munitores

401 3879 521 3926 latebant.
555 3877 660 3925 Videres
676 3883 802 3938 serpentes
819 3882 893 3937 atque
909 3890 948 3923 ca·
988 3879 1144 3940 serpentium
1165 3877 1328 3940 appellantur.
1362 3879 1397 3926 Et
1414 3881 1540 3931 veneficae

402 3971 445 4004 nes
462 3971 557 4014 errare,
579 3964 603 4003 et
625 3957 738 4012 Lunam,
760 3970 823 4018 quae
839 3955 949 4004 facinora
988 3956 1076 4005 herbas
1102 3962 1126 4003 et
1151 3955 1200 4003 alia
1224 3957 1404 4004 medicamenta
1429 3961 1540 4023 undique

401 4035 509 4084 istaiam
521 4035 894 4094 viderat‚rubentem‚rubere;
912 4049 947 4093 ac,
988 4036 1112 4099 legebant.
1147 4036 1187 4084 De
1207 4036 1298 4084 Marsis
1320 4051 1383 4099 quae
1405 4039 1454 4085 diti
1471 4048 1538 4102 pote-

401 4117 499 4179 nequis
511 4116 634 4165 homohis
648 4117 718 4164 factis
728 4117 790 4164 foret
799 4116 948 4178 testis,ipsaa
989 4124 1058 4170 rant,
1075 4116 1139 4163 dixit
1155 4115 1273 4163 Heinsius
1291 4116 1322 4162 ad
1335 4114 1420 4164 Ovidii
1432 4119 1490 4166 Art.
1499 4121 1537 4168 II.

400 4197 523 4244 veneficae
539 4203 594 4259 post
610 4212 702 4259 magna
718 4196 830 4259 sepulcra
843 4195 948 4242 latentes
991 4195 1045 4242 lot.
1078 4195 1131 4242 Nos
1153 4195 1242 4242 addere
1263 4209 1394 4257 possumus
1407 4185 1537 4246 ¹Fronton.

398 4276 445 4322 ista
461 4277 642 4339 perpetrabant.
988 4290 1011 4335 p.
1029 4275 1084 4323 322.
1120 4275 1150 4324 Si
1173 4273 1263 4322 Marso
1287 4277 1344 4336 quis
1364 4281 1440 4338 putre
1460 4281 1539 4324 nutus

433 4353 531 4415 Mopnn
552 4354 663 4417 sepulcra
683 4355 732 4400 iarn
750 4354 947 4402 Wustemannus
987 4355 1104 4414 viperas,
1130 4356 1254 4410 incertas,
1282 4356 1392 4404 natrices
1420 4358 1537 4415 ttineret,

398 4433 483 4480 eodem
505 4433 555 4481 fere
577 4435 662 4491 modo,
683 4449 733 4495 quo
756 4431 947 4494 interpretabar,
988 4446 1067 4480 nonne
1087 4435 1235 4494 depenerare
1256 4435 1404 4482 videretur?
1429 4435 1471 4482 Ex
1488 4437 1537 4484 ista
