3542 5634
727 599 767 607 ···
1295 584 1316 622 V

183 743 214 796 in
236 743 345 814 quibus
367 743 533 800 Iohannem
555 743 639 799 illum
663 744 830 800 Henricum
853 744 1017 813 Palmium,
1048 745 1160 800 diutius
1183 743 1316 818 negotio-

183 865 249 902 rum
270 847 448 922 participes,
470 856 575 927 postea
596 848 708 904 similes
730 845 883 903 exstitisse
907 847 959 917 iis,
983 847 1034 919 qui
1058 847 1105 902 vel
1128 847 1315 904 dissimulare

184 952 319 1021 mallent,
347 952 396 1008 vel
421 953 562 1009 iniectam
588 952 770 1008 mentionem
791 953 858 1008 ioco
880 952 1135 1021 transmitterent,
1165 969 1232 1008 cum
1256 953 1317 1027 glo-

184 1056 256 1112 riari
278 1066 418 1141 possent,
446 1067 592 1130 quantum
619 1075 673 1112 sua
695 1074 815 1128 qnoque
842 1076 935 1130 opera
962 1056 1031 1111 mali
1059 1065 1139 1112 esset
1160 1075 1315 1124 aversum,

184 1162 253 1216 boni
277 1161 427 1218 effectum.

224 1267 269 1322 Re
292 1267 415 1340 publiea
431 1285 458 1322 a.
477 1279 669 1323 moccxcvm
690 1266 721 1321 vi
736 1266 767 1320 in
783 1283 892 1321 novam
907 1265 1032 1320 formam
1048 1280 1201 1335 conversa,
1219 1245 1317 1320 Theo·

182 1371 306 1444 logiam,
334 1371 377 1427 sic
398 1371 612 1440 intermissam,
641 1369 778 1444 repetiit,
806 1371 925 1442 iamque
949 1386 1027 1426 anno
1050 1368 1190 1440 sequenti
1216 1369 1263 1426 ius
1287 1378 1317 1425 et

183 1476 360 1532 facultatem
383 1477 460 1532 sacri
482 1476 614 1532 muneris
634 1476 756 1549 petendi
772 1475 901 1548 adeptus
917 1483 971 1530 est.
1004 1473 1146 1547 Quinque
1162 1473 1318 1530 Ecclesiae

184 1582 288 1636 eodem
299 1579 362 1637 fere
373 1589 508 1654 tempore
519 1599 588 1637 eum
599 1581 780 1637 invitabant.
791 1572 885 1637 Venit
892 1580 1088 1653 Neomagum,
1101 1597 1171 1636 mox
1181 1579 1317 1634 Leidam.

224 1686 336 1741 Leidae
362 1686 495 1741 amicitia
522 1684 672 1741 Matthiae
700 1685 928 1758 Siegenbeekii‚
957 1685 1018 1739 iam
1044 1685 1124 1740 inter
1150 1701 1259 1758 pueros
1288 1683 1319 1738 in

184 1789 337 1846 subselliis
359 1787 518 1863 Gymnasii
541 1797 710 1859 contracta,
738 1788 849 1844 iudicio
876 1788 985 1844 aetatis
1010 1788 1222 1844 constantioris
1256 1805 1319 1843 cor-

184 1895 393 1950 roborabatur.
439 1895 549 1967 Neque
570 1896 602 1949 in
618 1895 672 1949 illa
686 1875 802 1949 morum
817 1893 1045 1964 studiorumque
1059 1893 1254 1948 similitudine
1269 1893 1322 1948 ali-

184 2009 231 2053 ter
251 1999 317 2054 fieri
339 2007 468 2073 poterat.
511 1997 643 2071 Magnus
666 1997 698 2052 in
719 1999 811 2053 rebus
829 1997 923 2053 sacris
945 2005 975 2052 et
994 1997 1133 2052 civilibus
1148 2013 1320 2064 consensus,

185 2104 279 2158 multa
306 2104 453 2159 sermonis
479 2111 510 2157 et
530 2102 673 2158 historiae
696 2100 890 2156 Neerlandac
914 2101 1053 2169 scientia,
1081 2118 1165 2155 amor
1185 2108 1321 2155 veterum

185 2207 354 2272 literarum,
382 2205 528 2261 mentium
549 2205 659 2260 lenitas
681 2212 713 2286 et
740 2203 884 2274 facilitas,
914 2203 1164 2260 necessitudinem
1187 2205 1230 2259 ita
1252 2220 1321 2260 con·

184 2314 354 2381 firmarunt,
378 2320 411 2367 ut
432 2318 581 2385 perpetua
603 2310 760 2381 utriusque
776 2310 840 2365 vita
855 2327 1012 2382 nunquam
1027 2309 1175 2383 friguerit.
1199 2308 1322 2382 Siegen·

187 2415 309 2471 beekius
330 2416 452 2488 quidem
472 2425 583 2472 natura
604 2424 665 2472 tam
687 2415 768 2470 mitis
789 2425 819 2470 et
837 2415 975 2488 placidus
991 2424 1071 2484 erat,
1094 2423 1128 2470 ut
1147 2412 1213 2469 fere
1230 2412 1321 2468 irasci

187 2537 247 2576 non
271 2538 359 2594 posse
381 2520 551 2590 videretur,
574 2537 629 2576 nec
651 2520 775 2598 multum
797 2521 932 2588 abesset,
959 2519 1047 2590 quin,
1071 2519 1122 2590 qui
1147 2518 1269 2591 indigne
1291 2517 1322 2573 in

187 2626 324 2681 dextram
348 2626 457 2681 malam
480 2626 694 2699 percussisset,
720 2624 816 2679 eidem
839 2632 869 2679 et
891 2623 1043 2678 sinistram
1062 2623 1231 2696 praeberet.
1266 2621 1325 2677 Ta-

187 2728 224 2784 lis
258 2729 450 2803 septuaginta
475 2746 571 2786 annos
593 2728 706 2801 cogniti
728 2738 823 2783 morte
846 2727 985 2783 Vriesius
1010 2727 1052 2783 sic
1075 2728 1184 2797 doluit,
1213 2736 1247 2782 ut
1270 2745 1324 2799 ego

188 2851 268 2889 nunc
289 2834 377 2890 doleo
398 2834 495 2890 illius.

235 2937 331 2994 Leida
351 2939 518 3012 profectus,
540 2958 568 2994 a.
590 2953 735 2993 nncccm
757 2937 840 2992 venit
861 2936 1051 3005 Harlemum,
1075 2953 1199 3008 eamque
1221 2953 1326 3009 perpe·

189 3055 272 3098 tuam
294 3061 395 3100 rerum
419 3061 541 3099 suarum
564 3043 666 3098 sedem
691 3037 807 3097 habuit.

241 3146 274 3204 si
301 3163 391 3218 quem
416 3147 509 3203 vellet
533 3149 639 3204 urbem
664 3147 694 3202 ei
720 3147 819 3219 legere
847 3145 949 3200 datum
976 3145 1098 3211 fuisset,
1130 3161 1189 3199 non
1221 3145 1325 3210 aliam,

190 3263 280 3327 puto,
304 3253 436 3327 legisset.
478 3252 590 3310 Vicina
611 3252 838 3309 Amstelodamo
862 3258 893 3306 et
918 3249 1032 3306 Leidae
1056 3248 1171 3303 vicinos
1196 3246 1327 3303 faciebat

192 3357 302 3412 amieos
323 3365 354 3412 et
375 3349 534 3430 cognatos,
562 3356 725 3428 inquibus
748 3355 967 3428 Hieronymum
993 3351 1171 3419 Boschium,
1198 3368 1329 3407 avuncu-

191 3463 267 3531 lum,
290 3462 415 3517 fratrem
441 3462 676 3536 Hieronymum,
705 3462 736 3516 in
763 3459 962 3532 scriptoribus
989 3457 1121 3528 antiquis
1147 3457 1227 3512 haud
1255 3473 1328 3511 sane

191 3566 383 3621 mediocriter
403 3573 572 3634 versatum,
594 3565 750 3620 literarum
776 3562 1016 3619 Neerlandarum
1038 3561 1208 3634 cognitione
1230 3560 1328 3617 libris-

192 3688 251 3741 que
274 3668 362 3725 editis
383 3670 511 3739 clarum,
538 3687 627 3742 quem
647 3667 682 3726 de
696 3666 889 3743 simplicitate
914 3675 975 3723 tarn
997 3666 1152 3739 eleganter
1173 3665 1328 3738 scripsisse

194 3791 295 3843 nemo,
317 3775 369 3847 qui
385 3782 525 3844 noverat,
542 3775 668 3830 miratus
682 3782 743 3829 est:
758 3774 909 3830 doannem
928 3773 1123 3828 Melchiorem
1134 3771 1327 3844 Kempernm,

194 3879 307 3934 sororis
328 3880 479 3949 maritum,
501 3879 576 3934 iuris
598 3878 822 3952 peritissimum,
838 3877 954 3934 illustre
972 3877 1131 3950 probitatis
1149 3875 1329 3948 exemplum,

196 4001 289 4038 unum
317 4002 356 4038 ex
381 3983 535 4056 generosis
564 3983 682 4056 patriae
709 3981 869 4055 tyrannide
896 3977 1120 4054 NapoleonisI
1153 3977 1330 4034 liberandae

198 4087 387 4155 auctoribus,
412 4097 442 4142 et
463 4086 594 4143 restituti
614 4087 743 4142 nominis
765 4085 933 4142 Neerlandi
955 4093 1107 4140 statorem.

238 4193 432 4262 Harlemum,
458 4202 549 4248 uteo
569 4204 719 4262 revertar,
744 4202 777 4248 et
801 4191 900 4265 ipsum
926 4189 1021 4244 multa
1047 4187 1193 4255 habebat,
1220 4203 1276 4240 cur
1301 4185 1330 4238 ei

198 4298 413 4354 iucundissima
443 4296 533 4352 statio
568 4313 633 4352 esse
663 4295 812 4352 debuerit.
866 4291 999 4350 (larebat
1033 4291 1114 4347 fumo
1147 4299 1176 4345 et
1202 4287 1331 4361 strepitu

199 4420 376 4476 magnarum
397 4401 526 4456 urbium.
563 4399 692 4456 Placide
712 4401 859 4472 regnabat
879 4397 981 4469 quies:
1005 4395 1142 4469 pluribus
1163 4380 1268 4449 incolis
1289 4409 1334 4447 re-

200 4508 313 4579 liquiae
352 4524 442 4579 opum
472 4516 662 4579 paternarum
685 4513 864 4578 supererant
884 4503 966 4558 haud
987 4501 1234 4567 contemnendae,
1256 4515 1332 4552 conr
