3542 5634
661 548 845 614 LIBER
889 549 913 614 Ι.

268 729 423 796 Sordidus
447 754 485 796 ac
508 732 618 815 dives,
643 732 758 817 populi
780 737 988 797 contemnere
1010 752 1104 796 voces

266 832 320 897 Sic
344 832 480 900 solitus:
506 835 670 920 „populus
694 857 747 898 me
771 834 901 911 sibilat;
926 833 1067 898 etmihi
1091 834 1214 919 plaudo

266 935 341 1019 Ipse
364 937 468 1020 domi,
493 938 593 1004 simul
616 961 654 1004 11
677 959 831 1003 nummos
855 937 1060 1023 contemplor
1083 937 1118 1002 in
1141 943 1249 1003 arca.“

264 1038 421 1105 Tantalus
445 1062 464 1104 a
486 1040 587 1106 labris
611 1041 726 1106 sitiens
750 1040 914 1125 fugientia
937 1044 1049 1125 captet
1131 1059 1133 1066 ⁴

265 1140 429 1206 Flumina
479 1142 567 1221 Quid
588 1143 696 1208 rides?
718 1147 847 1207 mutato
870 1142 1004 1207 nomine
1027 1141 1067 1206 de
1090 1147 1123 1206 11

265 1241 394 1309 Fabula
416 1253 574 1312 narratur.
625 1246 800 1332 congestis
824 1245 970 1332 undique
994 1245 1096 1312 saccis

265 1345 429 1414 Indormis
452 1349 603 1429 inhians3
628 1355 663 1415 et
685 1355 856 1434 tamquam
879 1370 1010 1434 parcere
1033 1349 1133 1414 sacris

267 1449 400 1534 Cogeris
423 1452 603 1538 arripiatis
626 1457 796 1537 tamquam
818 1453 960 1536 gaudere
984 1450 1124 1516 tabellis.

265 1553 380 1621 Nescis
404 1579 468 1642 quo
491 1557 600 1622 valcat
616 1558 795 1622 nummus?
818 1578 916 1641 quem
939 1555 1093 1640 praebeat
1116 1559 1237 1621 usum?

266 1656 367 1723 Panis
391 1664 535 1751 ematur,
560 1660 650 1741 olus,
675 1658 745 1723 vini
768 1659 948 1741 sextarius,
972 1658 1075 1739 adde,

267 1757 347 1837 Quis
369 1761 515 1826 humana
538 1761 601 1826 sibi
625 1760 736 1826 doleat
759 1766 878 1825 111111
900 1760 1038 1845 negatis.

266 1861 322 1925 An
344 1863 481 1948 vigilare
503 1869 596 1928 11111
619 1864 821 1945 exanimem,
846 1869 1023 1950 noctesque
1047 1865 1181 1951 diesque

267 1964 457 2032 Formidare
479 1968 585 2032 malos
608 1967 717 2048 fures,
741 1966 911 2050 incendia,
936 1989 1065 2051 servos,

267 2067 319 2133 Ne
342 2074 375 2133 11
399 2069 579 2155 compilant
601 2070 785 2153 fugientes,
810 2070 871 2134 hoc
895 2069 1010 2136 iuvat?
1053 2071 1181 2136 Horum

270 2170 405 2256 Semper
427 2194 487 2256 ego
511 2171 653 2258 optarim
676 2171 902 2257 pauperrimus
927 2193 997 2238 esse
1020 2173 1188 2238 bonorum.

222 2328 338 2372 moratur
355 2325 471 2373 Athenis.
505 2326 558 2373 Pro
574 2330 728 2373 mensuratur
744 2324 771 2371 in
810 2326 920 2374 inhians.
943 2324 1143 2376 commentator:
1156 2329 1359 2385 »1111111111-

223 2401 280 2450 MS.
306 2402 398 2451 Vienn.
425 2402 518 2465 legitur
542 2408 674 2451 mercator.
716 2403 771 2451 Hoc
811 2419 860 2455 cas.
890 2405 1006 2454 Inbians.
1028 2405 1117 2454 timens
1134 2419 1166 2453 ne
1184 2406 1360 2466 1111111111-

223 2482 325 2532 minime
333 2484 539 2530 contemnendum
547 2482 660 2531 arbitror.
673 2482 772 2540 Iubeas,
811 2484 894 2532 licitus
920 2491 949 2532 ut
969 2485 1043 2547 plura
1065 2485 1192 2546 acquiras,
1214 2491 1238 2532 et
1259 2493 1361 2548 stupens

223 2561 290 2608 sinas
306 2575 364 2609 eum
380 2576 434 2610 esse
450 2561 556 2610 libenter
571 2561 772 2624 miserumquia
812 2578 871 2626 prae
897 2563 1004 2626 gaudio,
1034 2565 1133 2626 quando
1159 2563 1206 2612 ille
1230 2565 1360 2628 adspicis&

223 2640 328 2689 libenter
343 2643 379 2690 sic
396 2649 446 2699 est,
471 2643 497 2691 id
514 2643 584 2699 facit,
606 2649 635 2690 ut
650 2649 772 2690 mercator
813 2643 878 2692 Sunt
899 2643 1012 2691 diversae
1033 2643 1251 2704 interpretationes.
1288 2645 1361 2694 Adeo

223 2720 324 2781 quidam
341 2720 449 2770 Athenis
466 2721 582 2778 faciebat,
603 2720 708 2769 libenter
723 2721 771 2768 mi·
813 2722 863 2768 iam
876 2722 937 2769 olim
951 2721 1113 2778 fluctuabant,
1128 2735 1178 2783 quo
1190 2721 1264 2768 modo
1277 2723 1361 2771 indor-

223 2814 263 2847 ser
279 2808 344 2858 erat,
362 2802 436 2850 homo
451 2803 565 2850 sordidus
582 2816 611 2849 ac
624 2802 701 2859 dives,
715 2801 772 2850 soli·
813 2802 860 2848 1111
876 2802 981 2849 inhians
998 2800 1074 2863 accipi
1093 2799 1198 2848 deberet.
1233 2800 1361 2850 Recentio-

224 2885 264 2927 tus
279 2879 319 2927 his
336 2880 417 2928 verbis
432 2895 503 2929 voces
513 2881 599 2944 populi
609 2888 772 2931 contemnere.
812 2892 851 2926 res
866 2893 917 2926 non
930 2880 1013 2927 minus
1024 2879 1149 2929 fluctuant.
1167 2880 1285 2928 Horatius
1299 2881 1361 2930 mihi

259 2960 386 3008 Tantalus
407 2976 424 3008 a
443 2962 522 3009 labris
538 2962 629 3009 sitiens
638 2960 774 3022 facientia
812 2957 940 3020 scripsisse
960 2959 1073 3008 videtur:
1099 2958 1227 3020 Cenantis
1252 2962 1361 3023 undique

223 3043 312 3100 captat
348 3040 477 3088 Flumina.
514 3040 585 3097 Quid
600 3039 688 3088 sides?
712 3037 773 3087 Ele·
811 3039 892 3084 saccis
917 3039 1054 3086 Inscmrnis
1070 3039 1171 3094 inbias,
1188 3044 1213 3086 et
1231 3043 1361 3101 tamquam

224 3117 324 3178 genuus
340 3123 412 3179 puto:
430 3123 522 3179 captas
532 3118 656 3180 flamina.
690 3116 732 3166 Sic
748 3123 774 3164 et
811 3128 919 3176 parcere
942 3117 1023 3164 sacris
1060 3114 1180 3176 Coqeris,
1212 3121 1259 3164 aut
1283 3119 1362 3178 pictis

224 3195 289 3242 risus
306 3195 376 3243 avari
389 3195 478 3244 melius
490 3195 647 3258 intelligitur.
665 3194 718 3244 car
729 3193 774 3242 ille
813 3197 944 3252 tamquam
967 3194 1075 3254 candere
1097 3195 1204 3242 tabellis.
1246 3194 1286 3243 Ita
1310 3209 1362 3244 non

224 3274 308 3322 statim
329 3276 420 3324 rideret
441 3277 473 3323 ad
496 3275 576 3324 solem
594 3274 692 3323 fabulae
708 3288 773 3322 com·
813 3269 917 3318 dubium
950 3277 1000 3330 est,
1030 3272 1092 3335 quid
1121 3273 1206 3321 inbias
1231 3272 1360 3336 significet.

225 3355 441 3414 memorationem,
470 3370 533 3417 quae
559 3361 685 3417 praeterea
710 3361 774 3402 esset
812 3348 905 3411 virgil.
927 3350 993 3400 Aen.
1010 3351 1073 3400 VII.
1091 3351 1149 3400 812.
1183 3353 1265 3400 Illam
1281 3355 1362 3402 omnis

224 3439 298 3483 nota?
331 3436 396 3485 Risu
408 3436 532 3484 abstinere
547 3450 598 3484 non
614 3436 702 3497 potuit,
715 3448 773 3481 cum
813 3430 886 3477 tectis
907 3430 1024 3490 saneque
1045 3428 1127 3490 111111
1143 3431 1273 3490 incantus,
1293 3431 1360 3478 Tur·

225 3512 277 3576 ipse
294 3515 461 3577 appellaretur
480 3516 614 3564 Tantalus,
648 3515 718 3575 Ego,
735 3513 772 3559 in.
813 3508 892 3569 taque
908 3509 1021 3555 miratur
1037 3513 1158 3566 matram,
1174 3514 1200 3558 et
1213 3516 1362 3571 prospectat

226 3593 291 3654 quit,
317 3593 456 3642 Tantalus?
495 3592 617 3641 Tantalus
642 3605 771 3654 nunquam
811 3583 1055 3644 1111111111411111111
1068 3586 1171 3634 inhians
1187 3587 1287 3635 areimis.
1305 3585 1361 3639 Sere

226 3669 274 3718 fuit
294 3669 339 3718 iste
359 3670 440 3718 sititor
461 3671 528 3733 apud
548 3671 646 3719 inferos.
680 3669 773 3721 Omnia
813 3664 882 3711 Vim:
900 3663 1022 3726 „Sillim
1036 3665 1203 3728 qU0d⁸m‚0re
1216 3665 1361 3727 patefactos

226 3748 669 3812 fabulaafloratinsrespondennst
680 3748 772 3807 fabula,
813 3746 889 3795 Recte
904 3747 1035 3805 insomnis,
1061 3752 1086 3794 11
1107 3753 1219 3794 metuens
1241 3747 1320 3806 iures,
1338 3756 1362 3797 11

225 3827 270 3875 sed
285 3829 316 3876 de
332 3834 357 3876 te
372 3836 479 3877 11111111.
502 3829 576 3877 Muta
590 3829 664 3876 modo
673 3843 772 3878 nomen.
811 3833 939 3890 tantopere
956 3827 1064 3890 gavisus,
1081 3833 1110 3875 ut
1122 3827 1311 3890 contemplando
1322 3843 1361 3876 sa-

227 3904 269 3953 Tu
289 3905 334 3953 tibi
354 3921 380 3955 es
398 3907 534 3956 Tantalus:
559 3913 603 3955 tua
624 3914 648 3954 te
670 3906 723 3954 sitis
746 3907 772 3956 in
811 3905 869 3953 tiari
883 3920 935 3954 non
950 3905 1033 3968 possit.
1074 3907 1191 3968 Undique
1207 3907 1361 3968 iungendum

226 3986 312 4033 mediis
328 3986 421 4034 divitiis
438 3993 525 4035 vexat:
546 3992 639 4034 utana
654 4003 773 4049 quemque
812 3992 873 4047 puto
889 3999 945 4033 curn
959 3986 1058 4042 inbias,·
1076 3998 1157 4032 samos
1171 3992 1298 4047 congestos
1316 3986 1361 4033 mi-

219 4064 315 4127 frans,
331 4065 483 4113 nonFuriae
498 4066 525 4113 in
542 4064 773 4127 11111111,111(101-
813 4069 883 4110 ratur
904 4062 935 4110 ab
957 4062 1025 4110 omni
1046 4069 1126 4124 parte,
1149 4063 1259 4125 undique
1277 4063 1308 4110 iis
1325 4063 1361 4112 in-

226 4157 306 4192 ceron.
329 4158 374 4206 pro
395 4144 468 4192 Rcsc.
487 4144 575 4193 Amer.
591 4144 632 4192 24.
665 4144 774 4192 Nomina
813 4141 873 4190 hiat.
906 4141 1021 4203 Denique
1037 4139 1361 4204 ultimeininsomnispro-

227 4223 327 4286 propria
342 4225 378 4271 sie
393 4223 473 4285 posita
489 4230 548 4271 sunt
563 4222 594 4270 ab
602 4223 690 4272 Horat.
699 4222 773 4272 Satir.
814 4220 926 4276 ducitur,
951 4227 980 4268 11
1000 4219 1187 4282 virgilianum:
1212 4223 1362 4272 Pectoribus

228 4304 264 4352 11.
282 4318 321 4351 111.
339 4303 394 4352 133.
423 4305 524 4353 Occidis
535 4304 644 4352 Orestes.
653 4303 690 4351 11.
698 4317 725 4350 v.
733 4304 773 4352 91.
813 4301 917 4349 inhians
933 4301 1064 4360 spirantia
1081 4301 1187 4347 camuiit
1203 4305 1271 4348 enta.
1290 4299 1362 4360 Quod

228 4385 321 4432 Dacus
344 4385 381 4432 sis
405 4384 519 4432 comicus.
561 4381 674 4429 Iuvenal.
699 4381 774 4431 Setir.
814 4393 847 4428 ex
862 4379 985 4428 indormis
1002 4378 1104 4426 initians
1124 4377 1171 4424 feci
1187 4379 1308 4428 insontnis
1324 4381 1362 4427 in-

229 4463 278 4511 XI.
295 4462 334 4511 61.
356 4463 444 4512 Venias
464 4461 625 4522 simmatus.
815 4461 870 4508 bias
885 4472 959 4506 nemo
975 4457 1113 4515 mirabitur,
1130 4447 1242 4519 cogitans
1258 4460 1363 4523 scriptu·

264 4539 392 4604 Concastis
411 4540 522 4601 1111111
535 4539 617 4588 scacis
650 4538 775 4588 [naamis
815 4553 868 4587 ram
886 4535 964 4587 codd.
982 4536 1062 4585 literis
1079 4537 1228 4586 maiusculis.
