3542 5634
408 537 469 598 llti
796 533 1147 598 SATIRARl'll

451 720 593 784 Graecus
616 719 825 805 Aristippus,
849 720 906 805 qui
928 742 1039 785 servos
1060 721 1217 806 proiioere
1237 741 1355 784 aurum

451 823 489 887 In
513 823 620 888 media
643 823 741 888 iussit
764 823 884 907 Libya,
907 824 987 909 quia
1008 824 1134 888 tardius
1156 825 1242 888 irent

452 927 588 1011 Propter
608 949 691 992 onus
712 929 848 1012 segnes?
893 927 977 992 Uter
997 935 1049 992 est
1072 927 1219 992 insanior
1239 927 1380 992 horum?

450 1029 506 1094 Nil
528 1029 600 1116 agit
622 1031 826 1116 exemplum,
850 1030 946 1096 litem
967 1031 1054 1116 quod
1075 1032 1136 1097 lite
1156 1032 1299 1097 resolvit.

452 1133 487 1200 si
510 1133 584 1219 quis
606 1115 694 1199 emat
716 1133 875 1218 citharas,
899 1141 1005 1200 emtas
1026 1142 1207 1221 comportet
1228 1136 1265 1199 in
1287 1157 1413 1216 unum,

451 1237 519 1302 Nec
542 1236 652 1302 studio
674 1237 816 1302 citharae
838 1259 898 1302 nec
921 1259 1034 1302 musae
1055 1239 1186 1303 deditus
1208 1239 1285 1320 ulli,

451 1337 486 1404 si
509 1339 636 1423 scalpra
657 1345 691 1405 et
713 1339 833 1404 formas
856 1361 924 1404 non
946 1349 1053 1422 sutor,
1074 1341 1209 1406 nautica
1229 1341 1303 1405 vela

448 1442 592 1508 Aversus
615 1443 825 1526 mercaturis,
849 1443 971 1509 delirus
993 1451 1028 1508 et
1042 1466 1156 1509 amens

449 1546 603 1632 Undique
624 1547 752 1614 dicatur
772 1548 899 1613 merito.
947 1549 1011 1629 Qut
1033 1549 1196 1635 discrepat
1218 1550 1312 1631 istis,

449 1650 513 1730 Qui
535 1673 686 1717 nummos
709 1674 888 1738 aurumque
909 1654 1072 1737 recondit,
1095 1654 1225 1751 nescius
1247 1655 1298 1719 uti

448 1754 646 1840 Compositis
668 1762 881 1842 metuensque
902 1758 995 1823 velut
1016 1759 1205 1844 contingere
1226 1761 1379 1823 sacrum?

449 1857 485 1924 si
508 1857 580 1943 quis
603 1859 645 1923 ad
668 1860 836 1944 ingentem
857 1861 1015 1926 frumenti
1038 1883 1166 1946 semper
1186 1882 1338 1925 acervum

449 1961 618 2027 Porrectus
641 1962 758 2048 vigilet
780 1985 855 2028 cum
878 1964 978 2050 longo
1000 1964 1104 2047 fuste,
1127 1986 1233 2050 neque
1254 1963 1347 2028 illinc

447 2063 576 2130 Audeat
598 2065 743 2131 esuriens
766 2067 919 2132 dominns
941 2067 1128 2152 contingere
1150 2089 1305 2152 manum,

402 2236 443 2284 illi
469 2238 540 2298 apud
566 2239 694 2288 Lacaenas
724 2240 853 2303 viminea?
896 2240 947 2290 Pro
988 2238 1016 2288 ἐν
1034 2235 1162 2303 προβολῇ,
1183 2235 1285 2290 milites,
1308 2234 1469 2296 gladiatores,
1490 2246 1538 2294 pu·

403 2311 506 2364 Plancio
529 2317 570 2365 at.
605 2318 712 2380 Prm'ers
739 2322 880 2382 triumphos
906 2323 945 2369 R
988 2319 1062 2382 gdes,
1083 2323 1112 2364 ut
1127 2317 1224 2364 hostem
1240 2314 1373 2362 defendant
1389 2311 1431 2360 vel
1446 2327 1538 2375 aggre-

405 2395 528 2453 Grecchi,
544 2401 570 2444 et
588 2395 948 2464 0.a1artt,etqmerequm
988 2398 1094 2446 diantur.
1126 2396 1198 2457 Quae
1223 2395 1377 2458 proliciendi
1401 2392 1534 2440 inveniun-

401 2475 526 2523 similem
549 2475 674 2524 Plancio?
692 2491 730 2540 sq.
764 2476 875 2528 Coniicio
894 2479 947 2528 Da·
988 2485 1031 2525 tur
1046 2475 1173 2538 exempla,
1194 2489 1224 2523 ea
1243 2473 1295 2522 fere
1315 2479 1405 2520 eunom
1419 2473 1536 2534 coegerat

401 2555 541 2618 masippnm
557 2555 661 2605 dixisse:
680 2560 853 2609 Dissimilem
866 2562 945 2610 Grae
988 2557 1075 2605 Heius.
1092 2557 1124 2604 ad
1139 2554 1232 2617 Virgil.
1253 2553 1287 2601 X.
1312 2553 1380 2601 Aen.
1403 2551 1466 2608 587,
1491 2567 1535 2614 pa-

402 2637 625 2698 cusAristippus?
657 2637 947 2702 EstncAristippusdis·
987 2651 1092 2699 rumque
1108 2635 1168 2684 novi
1182 2643 1220 2682 est
1235 2634 1259 2681 iu
1276 2632 1436 2681 annotatione
1445 2632 1535 2680 Burm

402 2713 489 2762 similis
516 2714 639 2773 Staberio,
666 2723 734 2764 estne
758 2731 787 2764 eo
811 2717 898 2766 melior
922 2725 947 2766 ct
988 2716 1020 2762 ad
1041 2715 1127 2765 Valet.
1143 2715 1261 2764 Flaccum
1275 2713 1326 2762 IV.
1342 2713 1401 2762 268.
1416 2719 1441 2760 et
1457 2711 1535 2761 Clau·

404 2792 552 2854 sapientior?
589 2794 645 2843 Imo
670 2793 765 2844 similis.
801 2797 897 2845 Neuter
920 2799 945 2847 iu
988 2795 1054 2843 dian.
1070 2795 1094 2844 Ι.
1109 2795 1194 2845 Rufin.
1209 2795 1267 2843 265.
1299 2793 1375 2842 Adde
1389 2793 1489 2841 Ernest.
1507 2793 1535 2840 in

404 2885 464 2920 auro
480 2873 632 2923 aestimando
647 2875 748 2923 modum
759 2876 845 2925 munit.
878 2878 948 2940 Ergo
990 2873 1067 2924 Glavc
1084 2874 1196 2925 ciceron
1213 2875 1239 2922 iu
1256 2887 1317 2921 voce
1333 2871 1461 2936 προβολή.

403 2957 506 3016 uterque
527 2953 572 3002 fuit
592 2955 700 3004 imaum.
739 2956 803 3005 Uter
823 2958 948 3006 insanior?
1022 2954 1140 3003 Valerius
1162 2954 1266 3002 Flaccus
1288 2951 1305 2998 l.
1318 2951 1338 3000 1.
1359 2952 1534 3012 protestanda

404 3031 445 3084 Sic
461 3033 557 3084 Stoicus
578 3034 669 3098 ubique
689 3044 886 3100 argumentatur,
912 3046 948 3087 at
989 3035 1042 3098 ipso
1057 3035 1157 3083 homine
1173 3034 1264 3091 utitur,
1284 3032 1328 3094 qui
1348 3030 1420 3093 pugil
1434 3046 1533 3093 semper

404 3128 451 3177 que
469 3120 498 3163 ut
513 3130 579 3164 nune
594 3124 666 3180 rogat
681 3119 853 3176 dissimilibus,
864 3119 947 3167 itavs.
988 3118 1195 3166 moirencum
1213 3114 1315 3173 Semper
1329 3116 1355 3160 et
1370 3112 1399 3158 m
1410 3112 1532 3172 distitisse

407 3195 460 3243 108.
486 3203 570 3258 rogat,
594 3197 638 3260 qut
664 3199 807 3259 discrepat?
831 3213 868 3246 vs.
892 3199 946 3247 lte.
987 3197 1078 3244 summi
1091 3197 1193 3257 pulvere
1203 3193 1286 3253 campi
1303 3190 1532 3251 Proiectusquere-

404 3275 467 3335 quid
482 3273 585 3336 differt?
603 3291 638 3324 vs.
655 3276 711 3324 260.
728 3275 772 3338 qut
790 3278 886 3325 distat?
987 3278 1034 3324 dit.
1066 3276 1098 3323 In
1118 3273 1222 3324 Horatio
1240 3279 1325 3321 tamen
1343 3268 1434 3317 melius
1447 3269 1532 3330 fruta

439 3354 577 3404 Porrectus
598 3356 683 3418 visitet
703 3371 759 3405 eum
780 3357 850 3418 leupo
863 3356 945 3418 suste.
985 3355 1076 3403 dicitur
1087 3357 1223 3417 probctm.

405 3431 531 3481 Bentleios
547 3433 647 3496 corrigit
661 3435 797 3497 protectus,
814 3435 861 3482 hoe
871 3434 946 3483 estin
1020 3435 1120 3484 Audeat
1135 3436 1247 3484 mrim
1261 3433 1377 3482 domim
1389 3430 1532 3491 mutarem

405 3511 472 3558 nudo
488 3512 540 3560 solo
555 3512 597 3562 vel
612 3514 742 3573 stramine,
758 3527 814 3564 eum
830 3527 880 3562 non
896 3528 946 3563 cre·
986 3531 1100 3578 pronam.
1133 3513 1270 3564 Annotstio
1280 3509 1400 3560 Meinekii
1409 3509 1451 3556 hic
1459 3511 1530 3558 reddi

316 3627 320 3636 .
404 3589 477 3638 dibile
493 3591 524 3639 ait
541 3591 665 3640 homiuem
680 3593 706 3641 in
722 3593 791 3642 molli
805 3593 897 3642 lectulo
912 3595 946 3642 ia·
986 3602 1105 3644 meretur:
1128 3595 1176 3655 „Iu
1198 3593 1294 3643 satirae
1308 3606 1346 3638 vs·
1365 3590 1420 3639 113·
1435 3589 1530 3652 legitur

403 3675 498 3718 centem
514 3671 625 3720 membra
643 3672 690 3720 sihi
709 3675 859 3734 porrexisse.
891 3674 947 3736 Ego
985 3676 1125 3738 continpere
1134 3672 1349 3737 prauum,inqu0
1360 3668 1462 3717 verbum
1473 3685 1529 3718 con-

402 3745 473 3795 illum
484 3762 515 3798 ne
525 3751 552 3798 in
562 3751 629 3798 nudo
639 3751 736 3813 quidem
747 3750 799 3798 solo
809 3753 947 3811 proiectum
987 3755 1092 3815 tinpers,
1113 3755 1178 3818 quod
1193 3752 1278 3816 paucis
1293 3757 1351 3798 ante
1366 3749 1477 3798 versibus
1493 3750 1528 3797 le-

403 3827 506 3876 iacuisse
521 3837 593 3892 puto,
610 3830 653 3878 sed
669 3829 782 3893 vigilasse
798 3844 855 3878 cum
870 3830 945 3896 longo
985 3830 1527 3895 giturselaticontiaqeresocram,tambrevi

403 3906 467 3957 fuste
491 3916 577 3958 contra
601 3909 759 3958 formidatum
776 3908 837 3958 furis
853 3911 943 3960 adven·
985 3914 1113 3962 intervallo
1128 3913 1211 3961 iterari
1221 3926 1271 3960 non
1281 3917 1319 3959 est
1328 3908 1464 3972 elegantiae
1473 3909 1527 3958 He-

400 3997 468 4042 tum.
486 3989 510 4037 in
532 4004 561 4040 eo
583 3989 633 4039 fere
653 3996 731 4048 statu,
751 4003 801 4052 quo
823 3987 943 4039 Chabrias
984 3992 1106 4052 ratianae3
1134 3992 1232 4040 videtur
1258 4005 1290 4039 ex
1316 3988 1397 4051 priore
1420 3987 1475 4035 loco
1499 3988 1526 4036 in

400 4071 466 4134 apud
481 4071 603 4134 Nepotem
626 4083 647 4118 c.
655 4084 672 4120 1.
681 4084 738 4118 suos
762 4068 850 4118 milites
867 4073 943 4119 hosta
983 4072 1050 4120 hunc
1064 4072 1170 4122 alterum
1186 4084 1229 4134 per
1245 4068 1403 4119 describentis
1415 4081 1524 4116 errorem

398 4151 511 4211 proiecto
528 4151 646 4214 impetum
658 4149 770 4212 excipere
781 4149 887 4198 hostium
900 4151 941 4198 do·
982 4151 1130 4200 translatum
1146 4165 1212 4207 csse,
1227 4150 1268 4197 cui
1283 4148 1392 4211 opinioni
1408 4147 1454 4195 hec
1464 4162 1524 4210 quo-

395 4229 454 4277 euit.
472 4230 604 4280 Horatium
615 4229 739 4292 scripsisse
747 4229 862 4279 arbitrere
876 4233 941 4280 Pro·
981 4247 1029 4295 que
1054 4231 1131 4290 favet,
1159 4231 1225 4294 quod
1250 4229 1327 4279 codd.
1352 4227 1467 4276 nonnulli
1490 4241 1523 4274 cx

395 4309 458 4357 iacto
468 4311 553 4372 oipilet
564 4326 620 4359 earn
633 4311 788 4372 ionposusts.
805 4309 840 4359 Ut
852 4309 940 4360 Graeci
980 4312 1065 4360 eedem
1082 4325 1155 4359 versu
1171 4311 1244 4359 etism
1260 4324 1361 4358 sacram
1377 4307 1468 4355 hahent
1478 4320 1525 4368 pro

396 4386 590 4450 προβάλλεσθαι
610 4391 644 4438 ita
665 4390 748 4442 Latini
763 4390 846 4438 dicunt
861 4392 940 4452 proii-
979 4405 1093 4451 prauam.
1131 4391 1246 4440 Fortasse
1270 4388 1345 4450 igitur
1368 4386 1525 4449 consrinqere

394 4479 448 4514 cere
465 4467 576 4527 hastam,
593 4471 719 4530 elypeum,
734 4471 833 4532 podera,
845 4468 892 4516 hoc
902 4477 939 4517 est
979 4486 1085 4532 menam
1096 4470 1136 4520 vel
1147 4470 1214 4519 aliud
1225 4469 1282 4519 huic
1292 4466 1372 4517 simile
1381 4467 1454 4531 petita
1464 4466 1524 4513 scri·

391 4547 551 4608 protendere,
580 4561 635 4596 cum
658 4547 684 4596 iu
709 4548 833 4610 procinctu
858 4554 938 4609 stant,
979 4558 1067 4613 pserat.
1102 4553 1223 4602 Fructum
1240 4551 1355 4598 triticum
1371 4547 1445 4596 habes
1455 4547 1522 4608 apud
