3542 5634
646 519 827 585 LIBER
873 523 917 585 ll.
1283 521 1344 584 137

257 705 350 770 Nam
373 706 516 772 Laurens
540 708 646 772 malus
670 713 730 791 est,
755 708 840 772 ulvis
865 713 898 772 et
921 707 1079 771 arundine
1102 707 1245 793 pinguis.

258 809 369 874 Vinea
392 809 558 875 submittit
581 831 711 895 capreas
734 832 800 875 nen
824 831 951 895 semper
973 809 1093 875 edules.

259 912 437 978 Fecundae
459 915 578 999 leporis
602 915 731 1000 sapiens
755 914 933 980 sectabitur
954 936 1069 980 armos.

261 1015 416 1082 Piscibus
440 1023 537 1104 atque
560 1018 674 1084 avibus
698 1041 779 1103 quae
802 1023 919 1083 natura
942 1024 975 1084 et
996 1018 1081 1083 feret
1103 1026 1210 1103 aetas,

259 1119 354 1184 Ante
376 1143 485 1186 meum
509 1121 594 1186 nulli
615 1122 725 1206 patuit
747 1122 895 1207 quaesita
908 1118 1072 1206 palatum.

261 1223 353 1288 Sunt
375 1244 511 1308 quorum
534 1224 704 1309 ingenium
726 1246 811 1289 nova
834 1228 964 1289 tantum
987 1225 1132 1290 crustula
1153 1225 1283 1310 promit.

260 1326 479 1412 Nequaquam
503 1327 583 1392 satis
607 1328 698 1393 inre
722 1349 788 1392 una
811 1348 999 1392 consumere
1023 1349 1134 1392 curam
1141 1354 1150 1406 3

263 1429 315 1495 Ut
340 1430 463 1515 siquis
488 1431 594 1496 solnm
617 1433 696 1515 hcc,
720 1432 871 1496 malane
896 1431 965 1496 sint
986 1431 1079 1514 vina,
1103 1431 1246 1513 laboret,

263 1534 366 1614 Quali
388 1535 564 1621 perfundat
586 1537 692 1622 pisces
718 1557 848 1602 securus
872 1536 968 1601 clivo.

215 1688 289 1722 coeno
305 1675 463 1737 supinatum,
479 1677 544 1724 nibil
558 1677 688 1725 existimas
699 1679 768 1726 limo·
808 1678 949 1733 doctrinae,
966 1681 1020 1724 tam
1036 1676 1103 1723 illud
1120 1673 1273 1736 macioqaid
1280 1687 1354 1734 praa·

215 1767 260 1800 sae
275 1755 418 1815 pravitatis
434 1753 549 1816 inferre?
581 1756 663 1804 Nemo
678 1756 768 1804 Roma-
808 1760 907 1805 claram
924 1771 954 1805 ac
969 1757 1099 1818 dnqalare
1114 1751 1355 1812 salernitanam

216 1845 264 1879 nus
281 1839 369 1881 ostrea
385 1834 438 1896 ipsa
454 1840 553 1882 vocaret
569 1837 689 1898 insipida.
723 1837 768 1882 In·
808 1835 835 1881 in
851 1834 935 1882 culina
951 1833 1006 1882 fieri
1023 1835 1141 1896 magister
1157 1833 1225 1883 Catii
1235 1832 1352 1881 docuerit.

215 1913 332 1974 sipidum
349 1926 421 1975 saepe
437 1927 469 1960 ex
485 1914 564 1962 inerti
579 1914 703 1970 nascitur,
719 1927 769 1960 non
810 1913 943 1963 Sciendum
960 1914 1036 1975 igitur
1058 1926 1108 1960 non
1130 1914 1216 1970 modo,
1242 1912 1284 1975 qui
1307 1911 1356 1973 pis-

217 1990 360 2039 nerassario
379 1992 497 2055 sequitur.
531 1992 598 2041 Plin.
620 1992 654 2040 H.
670 1993 703 2041 N.
721 2006 768 2041 xx.
808 2007 848 2041 ces
864 1993 915 2041 sint
929 1992 1028 2056 optimi,
1052 1993 1114 2055 quid
1130 1999 1226 2041 natura
1242 1994 1275 2040 iis
1293 1992 1355 2054 affe·

218 2070 260 2118 22.
296 2072 401 2119 Bliiam
418 2074 487 2120 iners
503 2071 770 2130 videtur,acsiaesu-
810 2078 865 2130 rat,
890 2085 978 2120 verum
1002 2071 1077 2120 etiam
1101 2073 1164 2134 quid
1184 2085 1229 2120 ars
1249 2071 1356 2133 afferat,

217 2163 294 2210 pore,
313 2155 361 2198 aut
377 2151 515 2200 acrimonia
530 2153 591 2199 alla.
810 2150 898 2214 quibus
923 2152 996 2209 assis,
1027 2149 1115 2214 quibus
1141 2150 1213 2198 elixis
1238 2149 1358 2198 convivae

253 2230 378 2278 Piscibus
400 2235 475 2292 atque
492 2231 579 2279 avibus
595 2245 659 2294 qaue
674 2235 771 2278 natura
810 2232 912 2279 suavius
928 2237 1041 2288 utantur,
1063 2244 1113 2294 quo
1134 2230 1188 2277 iure
1204 2230 1284 2293 aptius
1301 2242 1358 2276 con·

220 2314 246 2356 et
256 2307 334 2372 seret
350 2314 431 2366 aetas,
454 2312 522 2358 Ante
543 2326 623 2358 meum
644 2310 711 2356 nulli
725 2324 770 2370 pa·
811 2311 919 2359 diantur.
952 2313 1050 2360 Natura
1065 2310 1170 2373 piscibus
1186 2309 1357 2368 multum‚ars

221 2389 275 2435 tuit
292 2389 409 2451 quaesita
422 2389 547 2449 palatum.
575 2387 631 2450 Ego
642 2386 706 2434 binis
717 2402 771 2435 ver·
812 2374 949 2437 fere'haud
965 2390 1048 2438 minus
1064 2388 1142 2437 affert.
1177 2388 1250 2449 Quod
1261 2389 1359 2436 Natura

221 2466 291 2514 sibus
313 2466 396 2514 locuni
417 2481 470 2514 esse
486 2466 565 2514 multo
581 2466 771 2515 commodiorem
812 2467 895 2526 affert,
921 2469 1065 2531 praesertim
1091 2483 1124 2516 ax
1138 2468 1192 2515 loco
1216 2466 1294 2515 natali
1310 2467 1358 2514 ori-

222 2546 333 2594 arbitror
356 2552 412 2608 post
436 2561 474 2593 vs.
499 2547 539 2594 39.
573 2547 722 2609 Laapaidas
745 2548 772 2594 ιἰι
812 2555 862 2596 tur.
895 2547 930 2595 Et
946 2545 1359 2606 hocdocuitEnnius‚0stendens,

222 2627 338 2674 castrum
355 2626 406 2672 iam
422 2638 449 2673 se
465 2625 566 2673 convica
582 2630 692 2686 reponet.
718 2625 772 2674 An-
813 2627 948 2676 secundum
981 2626 1148 2689 Appuleium,
1181 2626 1225 2672 abi
1250 2625 1361 2686 centium

223 2710 265 2752 tea
283 2705 382 2752 dixerat
398 2705 429 2752 de
446 2702 539 2766 gallina
555 2709 579 2752 ct
595 2702 674 2752 multa
685 2705 715 2753 de
725 2706 773 2767 pis·
813 2708 916 2769 quisque
931 2721 1015 2754 eorum
1028 2707 1180 2763 inveniatur,
1190 2703 1236 2752 hoc
1243 2709 1281 2752 cst
1297 2704 1361 2766 opti·

222 2783 305 2831 cibus.
340 2783 477 2845 Praecepta
500 2783 530 2830 de
552 2782 658 2846 piscibus
679 2784 706 2831 in
727 2785 774 2832 isto
814 2801 869 2832 nias
885 2787 1000 2848 quisque,
1017 2791 1046 2831 ut
1061 2784 1184 2831 sententia
1200 2782 1316 2832 ostendit.

224 2877 304 2911 versu
320 2862 446 2911 finiuntur.
471 2863 505 2910 Et
522 2863 553 2910 da
564 2868 659 2910 catara
670 2863 774 2925 piscium
847 2865 981 2912 Praeterea
998 2863 1144 2921 videndum,
1167 2878 1200 2910 an
1216 2877 1266 2910 non
1281 2861 1361 2924 potius

224 2957 288 2992 sane
305 2956 354 2990 non
371 2955 450 3004 pauca
470 2941 599 3003 praecepit.
632 2942 672 2989 Dc
693 2948 776 2991 aetate
813 2943 865 3004 legi
882 2950 1005 3006 oporteat:
1022 2948 1179 2991 autemeam
1195 2943 1260 2989 nulli
1274 2943 1363 3004 patuit

224 3022 299 3070 nihil.
332 3020 417 3070 Catius
434 3020 545 3082 quidem,
562 3035 712 3083 quamquam
729 3019 774 3068 fes·
815 3024 930 3084 quaesita
949 3024 1046 3083 palam.
1079 3020 1148 3068 Ante
1168 3034 1209 3068 me
1224 3022 1362 3082 quaesitum

225 3101 326 3156 tinans,
344 3097 450 3161 aliquem
467 3104 550 3146 tamen
566 3098 676 3146 ordinem
693 3099 720 3145 in
730 3099 777 3146 hac
816 3106 853 3148 ast
869 3100 900 3147 de
915 3106 1006 3147 natura
1022 3105 1046 3146 et
1063 3105 1128 3156 arte,
1139 3098 1182 3147 scd
1192 3099 1255 3146 nulli
1267 3099 1361 3161 palato,

226 3176 386 3227 enarratione
407 3177 529 3225 observat.
562 3176 617 3225 Iam
638 3177 776 3242 philosophi
816 3183 873 3224 ante
889 3191 985 3233 meum,
1002 3177 1096 3239 patuit,
1112 3192 1175 3240 quac
1191 3183 1254 3224 esset
1270 3178 1363 3240 optima

227 3265 267 3306 est
296 3269 413 3319 quaerere
440 3257 471 3303 de
498 3261 593 3303 actura
621 3256 725 3318 piscium
753 3264 777 3305 et
817 3265 908 3306 natura
929 3265 954 3305 et
974 3271 1022 3304 ars.
1056 3255 1126 3304 Idem
1142 3271 1175 3305 ex
1191 3257 1297 3320 vulgato
1313 3273 1363 3305 non

228 3337 329 3394 avium,
346 3336 436 3400 inqua
453 3335 776 3400 remultasuntsupraca-
817 3344 868 3384 tam
884 3337 1012 3400 perspicue
1028 3334 1128 3384 efficias.
1161 3337 1216 3385 Hoc
1236 3338 1362 3394 seducit,

229 3423 303 3478 ptum
320 3422 344 3463 et
361 3415 496 3463 doctrinam
513 3429 637 3475 cocorum
650 3417 680 3464 de
694 3423 777 3464 aetate
818 3422 846 3463 ut
868 3422 975 3474 statuas,
1001 3414 1113 3477 quaesita
1137 3417 1202 3464 nulla·
1227 3421 1286 3462 ante
1311 3432 1362 3475 me,

230 3508 361 3558 quaerere,
386 3508 436 3542 non
456 3501 508 3541 tam
529 3493 628 3542 difficile
644 3502 692 3552 est,
717 3495 777 3556 quin
817 3509 884 3542 nunc
908 3508 952 3556 per
967 3508 1007 3541 me
1031 3493 1139 3554 primum
1164 3494 1249 3555 patuit.
1282 3493 1363 3543 Maior
1436 3481 1439 3490 ’

231 3575 291 3637 ipsis
309 3575 369 3623 cocis
386 3579 439 3621 tuto
456 3573 560 3635 relinqui
576 3573 659 3636 possit.
691 3574 777 3637 Atque
817 3576 872 3623 laus
889 3572 1024 3629 invenisse,
1050 3572 1081 3618 de
1106 3586 1155 3635 quc
1178 3571 1251 3620 multi
1272 3571 1364 3620 frustra

232 3661 307 3703 aetas
317 3652 459 3716 plerumque
470 3666 496 3699 se
505 3651 558 3714 ipsa
565 3651 592 3698 in
600 3653 777 3715 magnitudine,
818 3653 974 3719 quaesivere,
995 3665 1071 3714 quam
1086 3650 1117 3698 de
1133 3666 1181 3714 qno
1196 3650 1279 3699 nullus
1291 3667 1363 3716 quac

233 3734 327 3792 forma,
344 3731 446 3795 aliisque
463 3731 535 3779 rebus
547 3731 631 3794 aperit.
664 3731 779 3780 Fortasse
819 3733 884 3781 sivit.
918 3732 999 3788 Tum,
1015 3730 1100 3788 credo,
1116 3730 1235 3778 Horatius
1254 3732 1363 3795 scripsis-

233 3813 321 3863 Catius
338 3811 405 3860 aliud
427 3812 536 3870 audivit,
561 3827 584 3860 v.
607 3825 628 3860 c.
663 3813 778 3862 Piscibus
819 3819 868 3862 set:
887 3814 956 3860 Ante
974 3826 1055 3859 meam
1071 3811 1150 3858 latuit
1168 3812 1235 3858 nulli
1249 3814 1364 3874 qaaesim

233 3899 311 3957 atque
333 3894 420 3942 scibas
436 3897 612 3954 quaeritatum
628 3889 723 3952 afferat
740 3897 777 3940 at·
817 3895 914 3954 palato.
940 3890 1034 3952 Lepide
1052 3891 1169 3952 palatum
1193 3889 1290 3951 posuit,
1319 3905 1364 3952 pro

157 3959 159 3965 ¹
234 3987 343 4034 qaears.
377 3971 467 4019 Artem
478 3969 558 4033 quivis
570 3969 616 4016 sibi
627 3982 677 4016 non
687 3974 779 4018 temere
820 3973 931 4034 inperari),
952 3968 1017 4031 quod
1039 3967 1120 4030 ipsum
1137 3966 1162 4013 in
1182 3967 1229 4014 hac
1245 3981 1272 4014 rc
1289 3967 1365 4015 usita-

235 4056 347 4113 arrcget,
369 4057 398 4098 nt
422 4050 481 4098 dicit
502 4065 538 4098 vs.
560 4050 599 4098 35.
635 4050 720 4112 Atque
736 4066 780 4100 urs
820 4057 873 4109 tur,
889 4049 956 4096 unde
972 4053 996 4095 et
1012 4049 1071 4108 qula
1083 4047 1215 4108 iapeaiosa.
1241 4045 1363 4107 Ipscncs-

235 4131 298 4178 raris
314 4130 431 4193 contigit,
447 4137 475 4177 ut
486 4129 512 4178 in
523 4128 602 4192 poesi:
621 4129 779 4191 Nalarcfie·
820 4136 858 4176 ter
876 4142 948 4175 mox:
965 4131 1027 4173 suat
1043 4140 1149 4186 quarum
1165 4125 1290 4186 inperium
1300 4140 1364 4173 nova

236 4218 274 4259 ret
299 4212 424 4259 laudabile
445 4225 545 4260 carmen
562 4223 596 4256 aa
617 4214 672 4256 arte
700 4208 780 4265 Quae-
821 4212 922 4255 tantam
937 4204 1053 4253 crustula
1066 4203 1169 4263 promit.

235 4292 313 4338 ¹a'tum
330 4295 378 4348 est,
400 4289 459 4337 dicit
474 4287 593 4337 Horatius
610 4287 637 4333 in
654 4285 732 4348 Epist.
749 4286 781 4333 ad
853 4282 1005 4334 Doderlinus
1025 4281 1098 4343 soret
1121 4279 1364 4343 interpretatorem

237 4369 347 4420 Pisones.
382 4369 451 4420 Sicut
467 4369 493 4416 in
510 4367 564 4416 aliis
581 4366 708 4423 laudibus,
725 4381 781 4414 cum
821 4367 926 4414 debera
951 4362 998 4411 ¹De
1013 4358 1058 4408 tali
1075 4359 1363 4422 significationeconiun-

237 4450 268 4497 ad
285 4455 398 4496 naturam
414 4447 544 4503 axbniam,
567 4445 600 4493 ait
621 4444 719 4504 Cicero,
741 4461 780 4494 aa·
822 4443 892 4500 ctivi‚
910 4456 985 4505 quam
1000 4439 1186 4490 contumacem
1205 4440 1364 4501 duplicatum

238 4531 337 4578 cesserit
356 4529 477 4590 quaedam
494 4528 561 4577 ratic
577 4525 782 4590 cacfirmatieqae
822 4528 910 4579 vocat,
927 4520 987 4570 abbi
1002 4517 1142 4581 disputavit.
