3542 5634
431 537 474 598 24
803 527 1190 595 SATIRARUM.

474 717 528 782 Ad
551 717 635 782 talos
659 717 745 782 stola
767 716 928 797 demissa,
953 723 986 779 et
1009 715 1209 779 circumdata
1231 714 1338 799 palla:

474 820 639 903 Plurima,
662 843 745 906 quae
767 819 936 883 invideant
959 840 1039 902 pure
1061 839 1215 902 apparere
1237 817 1299 882 tibi
1322 838 1399 881 rem.

427 974 558 1033 Varrone,
573 972 762 1038 appellabantur
777 971 907 1018 metm-ii
924 968 974 1016 Ne-
1015 967 1211 1030 pronuntiabant
1232 973 1256 1014 et
1276 965 1423 1016 scribebant.
1455 967 1497 1016 Sic
1515 969 1566 1016 Cu·

427 1055 527 1102 cessitas
542 1054 620 1116 igitur
635 1066 688 1100 non
703 1049 812 1097 iubebat
843 1048 975 1103 Fortasse,
1016 1051 1124 1096 tamnus
1140 1046 1246 1096 invaluit
1262 1061 1308 1110 pro
1327 1049 1486 1110 Ganymede,
1500 1050 1564 1096 Alu-

426 1132 515 1195 iuquit,
532 1133 656 1194 elegantia
669 1131 789 1178 sermonis
805 1125 925 1175 suadebat
942 1128 974 1174 σι’-
1017 1132 1113 1174 mentae
1134 1140 1181 1188 pro
1200 1125 1383 1182 Laomedonte,
1410 1129 1566 1188 Proserpina

426 1211 546 1274 mflonem
574 1225 622 1274 pro
649 1209 785 1258 cinerario.
826 1205 974 1267 Elegantia,
1014 1219 1059 1268 pro
1069 1204 1237 1266 Persephone,
1249 1205 1358 1254 Suculae
1365 1218 1410 1267 pro
1421 1205 1564 1268 Hyantas,

426 1298 500 1351 puto,
521 1291 549 1338 in
568 1291 616 1338 hac
637 1302 726 1336 caussa
747 1285 871 1343 cernitur,
893 1283 974 1330 aino·
1017 1282 1200 1345 Carthapopro
1209 1281 1380 1340 carchedone,
1397 1285 1564 1346 quodipsum

426 1384 487 1416 vum
509 1383 601 1418 nomen
620 1367 749 1431 pulchrius
769 1371 795 1413 et
818 1363 909 1411 elarius
931 1377 974 1424 ap-
1015 1360 1103 1410 Graeci
1119 1377 1152 1410 ex
1168 1361 1567 1424 liuguaPunieaiamfinxerunt.

425 1456 524 1510 pareat,
546 1463 622 1511 quam
644 1454 724 1495 vetus.
759 1442 854 1504 Cinrflo
874 1456 902 1489 se
922 1455 973 1489 nou
1013 1441 1089 1488 Haud
1105 1441 1216 1488 dissimili
1232 1441 1306 1488 modo
1321 1440 1348 1487 in
1364 1441 1466 1504 Europa
1481 1457 1566 1491 recen-

425 1528 462 1574 ita
477 1528 642 1575 commendat.
675 1526 702 1574 Si
719 1524 806 1584 cinifh
824 1521 903 1584 accipi
918 1535 973 1583 pos-
1013 1520 1075 1568 ti0re
1092 1519 1210 1568 vocabula
1225 1519 1354 1577 Franciea,
1371 1535 1386 1566 a
1402 1519 1472 1582 plebe
1488 1521 1565 1586 inpri-

426 1606 459 1652 sit
473 1607 544 1669 quasi
560 1606 605 1668 qui
620 1606 647 1652 in
663 1606 772 1653 cinerem
781 1603 845 1664 flat,
861 1607 891 1648 ut
907 1615 973 1649 arro-
1014 1599 1074 1656 mis,
1096 1598 1323 1661 corrumpebantur.
1355 1599 1434 1662 Apud
1459 1617 1504 1649 noe
1525 1618 1564 1650 or-

425 1701 482 1735 nem
497 1687 657 1734 nominamus
673 1687 718 1747 qai
732 1688 817 1739 errat,
838 1679 925 1728 dubito
940 1694 974 1726 au
1014 1685 1130 1726 namenta
1150 1680 1270 1740 quaedam
1292 1677 1391 1736 calceis,
1415 1681 1447 1727 ad
1462 1683 1564 1731 modum

425 1771 493 1812 reete
508 1766 596 1829 eimflo
610 1778 656 1826 pro
672 1763 787 1827 einemflo
802 1765 974 1822 componatur,
1014 1756 1117 1804 Hearici
1140 1757 1241 1818 Quarti,
1265 1757 1355 1816 affixa,
1378 1759 1566 1821 appellabantur

425 1856 475 1890 uec
495 1845 577 1905 potius
597 1842 722 1906 significet
741 1840 785 1904 qui
800 1842 909 1889 cinerem
918 1838 974 1899 flat
1015 1838 1146 1884 Arieotro.
1172 1837 1212 1884 Ita
1228 1837 1296 1883 rudis
1312 1844 1378 1885 aetas
1394 1838 1508 1887 Romana
1521 1841 1566 1889 diu

425 1937 451 1970 v.
466 1937 488 1972 c.
509 1937 542 1971 ex
563 1936 620 1980 ore,
640 1926 670 1968 ut
691 1918 797 1968 iaciebat
818 1916 913 1974 Cacus,
929 1916 974 1979 qui
1012 1921 1071 1964 ante
1086 1914 1205 1962 cinctutoe
1224 1913 1347 1977 cethegos
1368 1918 1567 1968 κιειννοπολέων

418 2001 542 2063 flammas
560 2017 605 2050 ore
624 2005 731 2048 amante
746 1999 837 2053 mmit,
857 2001 883 2044 et
907 1996 973 2043 San·
1013 2007 1170 2057 eorrumpere
1185 1994 1301 2057 potuitiu
1312 1997 1406 2059 cim'flo.
1425 1997 1566 2047 SedVarro

423 2081 568 2141 ματοποιὸς
598 2079 725 2126 flammam
757 2082 782 2125 et
806 2077 915 2124 cineres:
941 2075 974 2122 sit
1015 2073 1132 2122 nauseet,
1164 2074 1252 2138 Neque
1268 2075 1374 2122 Romani
1395 2076 1435 2124 isti
1452 2077 1565 2126 incomtis

424 2164 509 2206 autem
525 2158 669 2220 eirtistoqm
683 2156 902 2213 flatincinerem,
917 2169 973 2217 pro-
1014 2152 1106 2215 eapillis
1129 2153 1203 2201 talem
1227 2161 1343 2202 ornatum
1365 2155 1514 2205 didicerant:
1541 2167 1565 2206 et

364 2298 366 2301 ι
423 2236 478 2298 prie
492 2237 557 2284 nihil
572 2237 642 2285 alind
658 2235 855 2298 significaretur,
871 2233 920 2280 nisi
935 2232 973 2279 ri·
1015 2231 1567 2292 QuintiusilleCincinnatuseratcineinnutaa

423 2313 456 2362 lis
471 2330 547 2378 opera
568 2316 634 2364 servi
653 2315 695 2362 vel
717 2327 810 2370 servae,
832 2311 903 2372 ignes
925 2311 973 2358 sub
1014 2318 1114 2368 natura,
1132 2327 1182 2361 nou
1198 2318 1251 2360 arte
1266 2311 1565 2372 mluuistmtus,datum-

424 2395 508 2442 ciuere
522 2394 629 2443 latentes
645 2393 729 2441 flando
742 2389 898 2448 suscitantis,
912 2405 973 2452 qua-
1014 2405 1061 2453 que
1086 2391 1123 2442 illi
1142 2405 1279 2454 cognomen
1300 2393 1397 2441 ridiculi
1417 2409 1517 2454 caussa,
1537 2403 1565 2444 nt

424 2471 475 2521 lem
502 2473 624 2520 famulam
653 2471 746 2520 Franci
772 2468 899 2532 appellant
918 2484 974 2517 cea·
1013 2469 1063 2516 alia
1086 2485 1102 2517 a
1117 2472 1196 2534 capite
1212 2478 1236 2520 et
1252 2472 1346 2536 eapillis
1362 2473 1497 2532 dabantur,
1513 2475 1565 2524 vel-

424 2555 528 2602 drillon.
565 2553 647 2611 Vilis,
671 2552 790 2616 iuquam,
806 2562 895 2612 opera,
911 2549 973 2596 adeo
1014 2547 1051 2596 uti
1066 2556 1091 2597 et
1109 2549 1224 2612 Crispos.

424 2638 455 2679 ut
470 2647 516 2694 pro
532 2633 647 2681 ωηγίοἱο
662 2632 782 2689 usitetur,
797 2630 870 2677 sicuti
890 2629 971 2690 calsa—
1046 2629 1100 2676 Fae
1124 2637 1221 2688 autem,
1248 2630 1390 2692 ciniflmtem
1419 2647 1473 2682 esse
1497 2650 1565 2685 mere

424 2712 516 2767 doris,
531 2709 668 2774 quiiguem
684 2707 874 2757 inmonasteriis
889 2707 972 2755 ineen-
1013 2706 1145 2766 Iatinum,
1161 2709 1229 2756 haud
1244 2710 1279 2756 ita
1294 2709 1338 2756 diu
1353 2718 1411 2760 ente
1432 2713 1566 2763 Horatium

425 2787 512 2847 debat,
529 2789 597 2836 unde
616 2802 708 2836 nomeu
723 2787 822 2834 transit
840 2787 869 2833 in
884 2786 972 2834 textri-
1014 2785 1054 2832 rel
1070 2785 1101 2833 ab
1112 2787 1166 2848 ipso
1176 2787 1283 2835 Horatio
1293 2788 1436 2849 inventum,
1448 2799 1473 2840 et
1488 2793 1566 2856 signi-

425 2880 486 2924 nas,
500 2872 526 2914 et
541 2873 627 2914 nostra
640 2866 710 2930 plebs
720 2864 807 2928 probri
822 2879 910 2912 caussa
924 2865 972 2912 uti-
1013 2863 1112 2922 ficasse,
1129 2867 1194 2928 quod
1206 2880 1250 2929 per
1264 2869 1418 2917 mummium
1429 2870 1566 2934 significari

424 2952 476 2993 tur.
515 2944 557 2994 sie
577 2951 603 2993 et
623 2959 685 2992 usus
708 2958 761 2992 asse
781 2943 880 2991 ridetur
898 2943 971 3006 Vigi-
1013 2943 1083 2991 aiunt
1105 2944 1268 3004 scholiastae,
1289 2953 1343 2994 tum
1359 2947 1467 3010 proiecto
1491 2949 1567 3014 longe

424 3023 534 3080 lautius,
557 3030 620 3072 teste
642 3024 797 3087 Hieronymo
816 3022 896 3085 Hpist.
917 3023 971 3072 109.
1013 3023 1093 3085 aptius
1103 3030 1156 3071 erat
1167 3038 1259 3072 nomeu
1274 3026 1398 3088 massaum
1410 3042 1485 3090 quam
1501 3035 1566 3078 eine

424 3105 564 3152 cineram
583 3102 713 3166 appellans
734 3117 789 3159 eos,
811 3102 855 3163 qui
877 3102 971 3150 cineres
1013 3103 1091 3159 rarii,
1114 3108 1138 3150 et
1160 3103 1306 3162 auctoritas,
1331 3105 1380 3152 uisi
1400 3105 1520 3167 aliorum,
1541 3120 1566 3158 at

424 3190 566 3231 sanctorum
579 3190 721 3245 martyrum
732 3181 973 3242 venerabantumat-
1012 3182 1122 3239 Horatii,
1139 3188 1253 3241 tentant
1268 3197 1316 3231 usu
1332 3183 1417 3233 diisset
1432 3195 1565 3250 receptum.

424 3276 474 3324 que
489 3263 538 3310 ista
556 3263 626 3311 notio
640 3277 674 3311 ex
695 3262 813 3324 einaim
833 3260 906 3308 faule
926 3262 973 3309 du·
1015 3259 1110 3322 Cinitlo
1134 3266 1189 3322 post
1211 3260 1344 3311 Horatium
1367 3264 1395 3312 in
1419 3265 1489 3314 nullo
1508 3269 1566 3316 seri-

424 3341 501 3389 citur:
523 3342 604 3390 altera
618 3356 669 3388 non
685 3339 844 3401 intelligitur,
864 3339 914 3387 nisi
930 3341 972 3387 ad-
1013 3345 1083 3400 ptore
1100 3340 1229 3402 reperitur.
1253 3341 1348 3399 Laeua,
1364 3341 1407 3389 ubi
1423 3353 1565 3405 poneretur,

424 3421 482 3479 das,
498 3421 565 3483 quod
574 3419 727 3470 Scholiastae
737 3418 863 3477 addidere,
879 3418 933 3466 ilari
946 3419 972 3466 in
1012 3433 1085 3481 saepe
1106 3427 1160 3468 erat
1180 3419 1252 3468 valde
1274 3428 1426 3482 opportunus
1450 3424 1476 3470 iu
1496 3423 1566 3474 libris

423 3499 783 3559 einerem‚adealefaeiendum
791 3497 971 3556 calamistrum,
1014 3497 1203 3558 Ovidttfflersii,
1211 3497 1332 3556 Petronii,
1343 3499 1477 3558 Iuvenalis,
1486 3503 1566 3564 (prue-

424 3593 475 3641 qno
490 3579 571 3627 crines
591 3579 738 3641 crispentur.
770 3577 825 3625 Nee
846 3577 895 3624 riri
916 3592 973 3626 eru-
1012 3579 1098 3626 sertim
1113 3579 1141 3626 iu
1157 3577 1239 3628 Satira
1254 3577 1440 3640 v1.4ansq.)
1463 3580 1566 3628 Martia·

424 3655 472 3702 diti
486 3657 561 3704 istam
578 3656 775 3706 Scholiastarum
791 3656 973 3717 interpretatio·
1012 3657 1057 3715 lis,
1072 3658 1098 3705 iu
1115 3657 1271 3720 Anthologia
1286 3657 1388 3716 Latina,
1397 3657 1423 3705 iu
1434 3658 1566 3722 Apologiis

424 3747 483 3782 nem
502 3733 615 3782 landant.
646 3733 704 3782 Alii
723 3734 838 3782 derivant
858 3733 972 3794 aliunde,
1013 3734 1226 3794 Christianorum,
1249 3749 1331 3783 mores
1350 3750 1461 3798 paganos
1484 3753 1565 3801 repre-

425 3811 577 3861 Doderliuus
601 3813 633 3860 ad
653 3813 679 3862 lt
703 3811 721 3861 l.
744 3812 861 3874 opinatur
884 3828 971 3862 vocem
1013 3815 1181 3862 hendentium.
1223 3813 1360 3864 Considera
1379 3815 1441 3863 mihi
1462 3824 1565 3866 annota-

423 3905 479 3940 esse
498 3893 660 3956 compositam
684 3890 820 3951 Graeeam,
842 3897 972 3956 tamquam
1012 3893 1105 3941 tionem
1123 3892 1204 3944 Servii
1220 3894 1251 3941 ad
1262 3892 1336 3955 virg.
1353 3893 1419 3941 Aen.
1436 3895 1565 3945 XII.100.

424 3971 511 4034 eitttflo
526 3971 559 4019 sit
571 3967 778 4031 κεκιννοπολέων,
787 3975 817 4017 ut
829 3970 971 4033 apiliooio·
1012 3973 1091 4020 eriais
1105 3972 1397 4035 Vibratosealidoferro,
1411 3977 1566 4038 myrrhaque

425 4049 536 4113 πολέων,
553 4051 619 4114 quod
634 4050 717 4113 ipsum
727 4053 816 4098 exstet.
832 4044 971 4113 ingeniose.
1013 4052 1145 4098 madente.
1170 4049 1313 4112 „crispans
1330 4049 1481 4100 calamistro:
1506 4068 1566 4102 nem

426 4128 538 4188 Sedsac,
548 4127 746 4178 memorativa
755 4142 853 4191 quoque
865 4136 971 4190 exstare,
1012 4127 1180 4176 calamisuum
1196 4136 1233 4177 est
1249 4143 1307 4177 aens
1326 4130 1406 4178 maior
1421 4145 1485 4193 quae
1504 4132 1566 4180 cale-

424 4214 450 4257 et
465 4209 592 4258 Romanos
605 4208 664 4256 inde
679 4207 798 4255 formasse
813 4209 908 4270 empto,
917 4209 971 4268 hoc,
1013 4207 1077 4255 faeta
1092 4207 1201 4256 adhibita
1221 4209 1346 4272 intorquet
1366 4209 1478 4271 capillos:
1500 4213 1567 4260 unde

425 4288 513 4347 eredo,
528 4301 579 4335 non
596 4287 737 4345 aoeidisset,
753 4286 803 4334 nisi
818 4286 971 4349 temporibus
1012 4287 1087 4335 etiam
1112 4286 1199 4337 Oioero
1223 4302 1269 4351 pro
1294 4287 1381 4337 Sextio
1403 4287 1482 4336 VIII.
1499 4293 1567 4338 eula-

424 4364 616 4428 antiquissimis,
638 4365 730 4429 quibus
753 4365 869 4427 linguam
894 4364 971 4415 Grae-
1013 4367 1158 4414 ntittretom
1178 4379 1273 4415 cernam
1295 4365 1401 4428 appellat
1418 4366 1567 4429 frequenter,

425 4456 494 4499 eam,
515 4444 630 4505 quamvis
653 4443 702 4506 ipsi
722 4444 890 4505 semi-graeei,
919 4459 971 4493 non
1012 4458 1076 4506 quae
1096 4445 1171 4493 etiam
1192 4444 1367 4508 vituperationi
1388 4453 1437 4504 est,
1458 4447 1568 4496 undeet

425 4520 605 4582 intelligentes,
627 4522 704 4571 verba
723 4521 781 4571 indo
805 4528 887 4572 sumta
904 4523 970 4573 male
1012 4530 1097 4572 matra
1113 4525 1144 4572 ad
1160 4524 1259 4573 laudem
1280 4530 1317 4572 est
1338 4524 1445 4587 positum
1466 4524 1499 4572 ab
1514 4525 1567 4575 He·
