3542 5634
425 492 484 554 136
793 487 1169 554 SATIRARUM

466 681 635 762 Mendose,
659 680 810 765 quoniam
834 680 945 744 vacuis
969 679 1171 744 committere
1193 678 1284 742 vanis

465 783 522 847 Nil
546 784 611 849 nisi
633 784 706 849 lene
729 784 835 849 decet:
859 783 927 848 leui
948 782 1135 868 praecordia
1156 782 1264 846 mulso

466 891 627 960 Prolueris
649 889 776 954 melius.
825 888 859 954 Si
883 888 964 953 dura
985 887 1164 952 morabitur
1186 886 1297 968 alvus,

464 998 602 1064 Mitulus
626 998 659 1059 et
680 992 762 1058 viles
785 992 910 1077 pellent
932 991 1097 1056 obstantia
1117 990 1258 1056 conchae

464 1102 509 1165 Et
531 1097 657 1185 lapathi
678 1095 784 1160 brevis
807 1095 923 1177 herba,
948 1095 1004 1159 sed
1027 1095 1101 1158 albo
1124 1116 1191 1158 non
1213 1093 1284 1159 sine
1308 1093 1383 1159 Coo.

465 1203 604 1269 Lubrica
626 1203 796 1266 nascentes
819 1198 960 1283 implent
982 1197 1152 1281 conchylia
1174 1197 1285 1275 lunae3

467 1307 531 1372 Sed
553 1327 619 1370 uon
642 1324 738 1368 omne
760 1323 848 1366 mare
871 1306 923 1366 est
944 1322 1117 1386 generosae
1139 1300 1246 1366 fertile
1269 1308 1381 1366 testae.

464 1409 588 1475 Murice
612 1407 736 1473 Baiano
758 1405 873 1470 melior
896 1404 1037 1469 Lucrina
1058 1405 1194 1489 peloris,

465 1513 581 1580 Ostrea
603 1508 755 1591 Circeiis,
778 1507 906 1572 Miseno
929 1506 1077 1571 oriuntur
1099 1507 1221 1591 echini,

465 1613 655 1680 Pectinibus
678 1611 800 1697 patulis
823 1610 925 1676 iactat
947 1633 982 1675 se
1001 1611 1100 1676 molle
1123 1611 1305 1676 Tarentum.
1372 1640 1376 1647 -

465 1719 533 1783 Nec
557 1717 620 1783 sibi
643 1737 815 1781 coenarum
839 1714 946 1799 quivis
970 1719 1089 1780 temere
1112 1719 1240 1800 arroget
1261 1718 1382 1795 artem,

464 1823 539 1886 Non
561 1820 651 1906 prius
677 1824 789 1884 exacta
812 1818 903 1882 tenui
926 1818 1051 1882 ratione
1074 1840 1233 1903 saporum.

463 1926 531 1991 Neo
556 1923 636 1990 satis
659 1928 710 1989 est
732 1944 805 1989 cara
825 1922 931 2008 pisces
954 1944 1097 1988 averrere
1119 1945 1249 2006 mensa,

463 2029 634 2114 Ignarum,
659 2025 776 2112 quibus
800 2030 850 2090 est
872 2025 923 2090 ius
946 2025 1055 2110 aptius
1084 2030 1118 2090 et
1139 2025 1257 2110 quibus
1280 2026 1365 2090 assis

466 2130 655 2216 Languidus
676 2129 712 2193 in
735 2128 882 2193 cubitum
905 2128 973 2192 iam
995 2150 1030 2192 se
1052 2127 1189 2192 conviva
1210 2135 1351 2214 reponet.

463 2236 586 2302 Umber
608 2241 642 2301 et
664 2235 768 2320 iligna
790 2233 934 2299 nutritus
957 2233 1077 2318 glande
1099 2234 1255 2298 rotundas

465 2340 588 2405 Currat
610 2360 686 2423 aper
709 2338 817 2402 lances
840 2357 971 2401 carnem
993 2335 1129 2400 vitantis
1152 2336 1300 2401 inertem:

458 2523 550 2572 Vaccis
575 2523 726 2571 committere
752 2523 827 2570 venis.
869 2519 962 2570 Seneca
1002 2518 1064 2582 quiis
1081 2525 1246 2578 comantur,
1267 2526 1295 2566 ut
1315 2526 1372 2581 pote
1392 2531 1454 2580 quos
1475 2531 1550 2565 nemo

419 2603 498 2665 Epist.
518 2603 571 2650 122.
604 2599 646 2648 Illi
662 2601 897 2649 concidenturtr'bi
907 2613 962 2648 con-
1002 2598 1164 2646 convivarum
1188 2604 1291 2659 tangere
1318 2597 1391 2654 velit,
1419 2602 1549 2659 propterea

420 2690 462 2730 tra
478 2686 599 2729 naturam
614 2680 706 2736 vicere,
717 2680 761 2741 qui
772 2679 851 2726 launi
861 2679 961 2734 bibunt,
1002 2677 1069 2738 quod
1090 2685 1175 2740 aptum
1197 2678 1285 2740 cuique
1300 2677 1485 2725 condimentum
1507 2677 1548 2724 de·

418 2761 463 2822 qui
486 2761 572 2807 vinum
593 2759 720 2820 recipiunt
742 2757 860 2804 inanium
881 2755 961 2811 cena,
1002 2755 1042 2802 sit.
1071 2755 1098 2805 Si
1105 2794 1112 2816 ‚
1127 2758 1192 2820 quod
1209 2757 1344 2820 simplicius
1361 2764 1410 2814 est,
1427 2755 1494 2803 idem
1510 2763 1549 2802 est

419 2845 444 2888 et
460 2840 591 2888 adolium
607 2838 669 2884 ebrii
686 2833 839 2884 transeunt?
1002 2833 1096 2891 verius,
1118 2851 1201 2884 merua
1218 2838 1358 2898 piscatoria
1379 2836 1487 2883 aarum
1502 2848 1549 2881 sua

453 2919 506 2967 Nec
526 2919 591 2966 cutis
613 2921 651 2964 eat
671 2929 732 2964 caru
751 2915 832 2977 pisces
848 2929 963 2962 comm
1001 2925 1028 2960 sc
1049 2912 1153 2962 veritate
1174 2914 1201 2962 in
1221 2915 1268 2962 hac
1283 2930 1370 2963 caussa
1384 2914 1550 2962 commendat.

420 3011 511 3046 runca.
545 2995 576 3043 In
593 2994 647 3043 aliis
664 2999 783 3043 avertere.
816 2993 891 3042 Unde
912 2992 963 3055 legi
1035 2983 1187 3040 Doberlinus
1213 3008 1269 3042 cum
1285 2995 1415 3043 Duntzero
1430 3009 1548 3042 averrere

420 3081 514 3139 poterat
531 3076 641 3123 avellere.
674 3073 758 3122 Pisces
770 3073 796 3121 in
807 3086 894 3120 mensa
904 3087 962 3120 ven·
1002 3071 1109 3134 explicat
1124 3087 1209 3120 omnes
1226 3079 1302 3136 pisces
1314 3089 1347 3122 ex
1357 3088 1443 3121 mensa
1453 3072 1547 3129 tollere,

420 3157 524 3214 duntur,
541 3168 626 3202 mensa
638 3153 714 3215 pisces
726 3153 816 3201 vendit.
829 3151 892 3214 'Qui
904 3166 962 3199 ven·
1002 3158 1030 3198 ut
1051 3151 1135 3199 nullus
1158 3153 1270 3215 supersit.
1304 3151 1457 3215 comparant
1479 3152 1546 3199 Mar-

420 3235 457 3282 dit
473 3248 526 3282 rem
543 3232 755 3290 delicatissimam,
773 3245 851 3280 cares
864 3229 962 3278 illinon
1002 3229 1053 3278 tial.
1069 3230 1105 3280 11.
1117 3232 1156 3282 37.
1193 3233 1324 3294 Quidquid
1335 3235 1442 3294 ponitur
1453 3233 1548 3278 birreet

420 3313 472 3360 sine
496 3313 616 3360 immenso
640 3311 717 3374 pretio
742 3310 811 3373 quasi
831 3311 962 3369 evellitur,
1001 3312 1060 3358 iude
1074 3313 1162 3359 verris.

419 3405 465 3440 nec
474 3392 523 3440 nisi
533 3391 625 3440 invitus
635 3389 723 3440 emtori
733 3389 815 3437 tradit.
832 3386 962 3437 Commen-
1035 3391 1160 3453 Ipsorum
1180 3393 1269 3453 quibus
1290 3397 1328 3438 est
1348 3393 1391 3438 ius
1406 3392 1506 3453 aptius,
1521 3397 1548 3439 ct

420 3478 495 3519 tator:
513 3485 642 3530 ,averrere
658 3485 754 3518 mensa:
771 3484 856 3518 eruere
873 3476 898 3517 et
918 3485 962 3517 eu·
1003 3472 1090 3533 quiem
1105 3473 1176 3519 asab.
1209 3471 1329 3519 Horatius
1349 3469 1376 3517 iu
1397 3469 1445 3517 hac
1466 3469 1547 3520 Satira

414 3550 513 3611 serre.“
555 3550 671 3598 Fortasse
697 3548 829 3610 legendum
861 3550 963 3609 eripere.
1003 3550 1079 3598 Ennii
1095 3550 1299 3613 Hedyphagctica
1314 3556 1372 3596 ante
1391 3549 1478 3598 oculos
1503 3550 1544 3597 ha-

421 3630 508 3677 Horat.
526 3627 599 3677 Satir.
616 3629 637 3676 Ι.
655 3642 684 3675 11.
703 3629 756 3676 103.
770 3629 883 3688 pretium
899 3629 963 3676 acel-
1003 3628 1085 3678 buisse
1096 3630 1198 3678 videtur.
1219 3629 1313 3692 Appul.
1326 3627 1434 3692 Apolog.
1446 3645 1472 3692 p.
1483 3630 1544 3677 490:

422 3708 476 3755 lter.
509 3708 608 3754 Terent.
636 3707 749 3754 Eunuch.
778 3706 827 3755 111.
856 3719 895 3753 111.
926 3708 963 3754 14,
1003 3709 1033 3755 de
1050 3709 1145 3765 Ennio,
1162 3709 1205 3771 qui
1221 3708 1281 3756 alios
1298 3708 1374 3770 pisces
1391 3711 1482 3757 ocultis
1493 3724 1543 3758 ver-

426 3785 505 3832 Credo
522 3787 544 3831 ei
558 3787 658 3846 placere
674 3785 731 3832 boe:
748 3789 835 3843 eperat
851 3799 877 3832 se
893 3801 910 3832 a
926 3802 964 3834 me
1003 3789 1071 3835 cibus
1086 3790 1223 3846 decorarit,
1240 3793 1276 3845 et,
1293 3789 1465 3849 atterentium
1481 3790 1545 3851 quis·

423 3864 535 3910 avellere.
576 3863 702 3916 Donatus:
731 3862 817 3920 „Bono
843 3877 902 3911 usus
927 3872 964 3912 est
1003 3883 1050 3929 que
1064 3882 1148 3915 eorum
1160 3869 1316 3924 inveniatur,
1333 3868 1544 3930 ostendit‚qucli-

422 3941 497 3990 verbo
513 3943 628 4000 avellere,
652 3947 778 4004 tamquam
800 3957 816 3988 a
835 3943 963 4005 pertinaci·
1004 3947 1544 4010 teuscusaeticseolmeueoptimesaptct.

422 4028 459 4070 ter
479 4021 623 4070 retinente.“
656 4021 745 4069 Mensa
761 4028 797 4070 est
813 4037 896 4070 merua
911 4025 964 4085 pis-
1038 4024 1136 4073 Cernat
1152 4039 1214 4086 aper
1230 4025 1312 4073 lances
1327 4040 1429 4074 carnem
1440 4029 1545 4076 estante

421 4103 525 4150 catorio.
559 4099 599 4149 Ita
615 4107 709 4148 veteres
726 4099 884 4148 scholiastae.
901 4101 964 4152 Gro·
1002 4106 1114 4152 inertem.
1148 4102 1213 4152 Caro
1228 4105 1296 4152 inere
1311 4119 1361 4151 non
1377 4111 1415 4153 est
1429 4106 1544 4168 simplici-

421 4181 508 4229 novius
525 4187 636 4230 contem
652 4195 735 4228 mensa
749 4180 887 4242 explicabat
897 4182 963 4230 frau-
1003 4188 1041 4231 ter
1054 4185 1178 4246 insipida,
1204 4198 1250 4231 nec
1277 4184 1410 4246 quidquam
1440 4185 1543 4244 habens,

421 4260 480 4308 darc
495 4275 606 4309 mensam
622 4259 726 4306 alicuius
746 4258 842 4306 delicati
862 4260 963 4312 obsonio
1003 4278 1052 4326 quo
1068 4264 1179 4327 palatum
1196 4265 1305 4312 suaviter
1320 4263 1423 4311 afficiat:
1441 4266 1484 4313 sed
1494 4280 1543 4312 non

422 4336 477 4385 illo:
494 4338 620 4387 Bentleius
637 4352 751 4387 averrere
766 4353 863 4396 mensa,
883 4355 963 4405 neque
1004 4343 1096 4391 habens
1120 4345 1173 4391 vim
1197 4345 1318 4400 altricem,
1343 4352 1462 4406 quantam
1487 4360 1542 4392 caro

423 4416 513 4464 sufficit
533 4417 609 4478 pisces
629 4417 740 4479 impenso
755 4418 833 4479 pretio
855 4421 962 4469 coemtas
1003 4424 1054 4484 apri
1071 4423 1148 4486 iligna
1164 4423 1254 4486 glande
1265 4424 1334 4485 pasti.
1360 4423 1454 4472 Seneca
1465 4425 1541 4487 Epist.

422 4493 449 4542 in
466 4509 550 4544 mensa
566 4511 611 4545 sua
627 4496 754 4556 exhibere,
777 4498 818 4560 qui
841 4513 884 4560 pro
902 4501 959 4550 reli·
1003 4502 1041 4548 95.
1089 4505 1194 4562 Ostrea,
1222 4506 1401 4553 inertissimam
1430 4521 1541 4562 curnem,
