<?xml version="1.0" encoding="UTF-8"?>
<!DOCTYPE html PUBLIC "-//W3C//DTD XHTML 1.0 Transitional//EN"
    "http://www.w3.org/TR/xhtml1/DTD/xhtml1-transitional.dtd">
<html xmlns="http://www.w3.org/1999/xhtml" xml:lang="en" lang="en">
 <head>
  <title>
</title>
<meta http-equiv="Content-Type" content="text/html;charset=utf-8" />
  <meta name='ocr-system' content='tesseract 3.04.00' />
  <meta name='ocr-capabilities' content='ocr_page ocr_carea ocr_par ocr_line ocrx_word'/>
</head>
<body>
  <div class='ocr_page' id='page_1' title='image "./qhoratiiflaccis01peergoog_0126.png"; bbox 0 0 3542 5634; ppageno 0'>
   <div class='ocr_carea' id='block_1_1' title="bbox 680 550 1375 616">
    <p class='ocr_par' dir='ltr' id='par_1_1' title="bbox 680 550 1375 616">
     <span class='ocr_line' id='line_1_1' title="bbox 680 550 1375 616; baseline 0.001 -2"><span class='ocrx_word' id='word_1_1' title='bbox 680 550 863 614; x_wconf 82' lang='lat' dir='ltr'>LIBER</span> <span class='ocrx_word' id='word_1_2' title='bbox 910 551 953 614; x_wconf 92' lang='grc' dir='ltr'>ΙΙ.</span> <span class='ocrx_word' id='word_1_3' title='bbox 1315 555 1375 616; x_wconf 91' lang='grc'>101</span> 
     </span>
    </p>
   </div>
   <div class='ocr_carea' id='block_1_2' title="bbox 284 735 1368 1650">
    <p class='ocr_par' dir='ltr' id='par_1_2' title="bbox 285 735 1146 819">
     <span class='ocr_line' id='line_1_2' title="bbox 285 735 1146 819; baseline -0.003 -14"><span class='ocrx_word' id='word_1_4' title='bbox 285 737 380 805; x_wconf 90' lang='lat' dir='ltr'>Ostia</span> <span class='ocrx_word' id='word_1_5' title='bbox 403 736 464 801; x_wconf 91' lang='lat' dir='ltr'>sub</span> <span class='ocrx_word' id='word_1_6' title='bbox 488 735 610 801; x_wconf 78' lang='lat' dir='ltr'>Tusci?</span> <span class='ocrx_word' id='word_1_7' title='bbox 656 736 804 819; x_wconf 80' lang='lat' dir='ltr'><strong>Laudas,</strong></span> <span class='ocrx_word' id='word_1_8' title='bbox 829 737 960 819; x_wconf 87' lang='lat' dir='ltr'>insane,</span> <span class='ocrx_word' id='word_1_9' title='bbox 986 736 1146 802; x_wconf 83' lang='lat' dir='ltr'>trilibrem</span> 
     </span>
    </p>

    <p class='ocr_par' dir='ltr' id='par_1_3' title="bbox 284 839 1368 1028">
     <span class='ocr_line' id='line_1_3' title="bbox 284 839 1368 926; baseline 0.003 -22"><span class='ocrx_word' id='word_1_10' title='bbox 284 840 445 924; x_wconf 87' lang='lat' dir='ltr'>Mullum,</span> <span class='ocrx_word' id='word_1_11' title='bbox 470 840 505 905; x_wconf 92' lang='lat' dir='ltr'>in</span> <span class='ocrx_word' id='word_1_12' title='bbox 530 840 663 926; x_wconf 85' lang='lat' dir='ltr'>singula</span> <span class='ocrx_word' id='word_1_13' title='bbox 685 862 782 925; x_wconf 86' lang='lat' dir='ltr'>quern</span> <span class='ocrx_word' id='word_1_14' title='bbox 805 839 936 905; x_wconf 86' lang='lat' dir='ltr'>minuas</span> <span class='ocrx_word' id='word_1_15' title='bbox 959 841 1132 925; x_wconf 87' lang='lat' dir='ltr'>pulmenta</span> <span class='ocrx_word' id='word_1_16' title='bbox 1155 863 1286 907; x_wconf 88' lang='lat' dir='ltr'>necesse</span> <span class='ocrx_word' id='word_1_17' title='bbox 1309 849 1368 907; x_wconf 85' lang='lat' dir='ltr'>est.</span> 
     </span>
     <span class='ocr_line' id='line_1_4' title="bbox 286 943 1121 1028; baseline 0.001 -21"><span class='ocrx_word' id='word_1_18' title='bbox 286 944 389 1009; x_wconf 90' lang='lat' dir='ltr'>Ducit</span> <span class='ocrx_word' id='word_1_19' title='bbox 412 950 445 1009; x_wconf 88' lang='lat' dir='ltr'>te</span> <span class='ocrx_word' id='word_1_20' title='bbox 469 943 610 1028; x_wconf 87' lang='lat' dir='ltr'>species,</span> <span class='ocrx_word' id='word_1_21' title='bbox 635 943 749 1009; x_wconf 85' lang='lat' dir='ltr'>video:</span> <span class='ocrx_word' id='word_1_22' title='bbox 774 966 838 1028; x_wconf 94' lang='lat' dir='ltr'>quo</span> <span class='ocrx_word' id='word_1_23' title='bbox 861 943 1005 1028; x_wconf 75' lang='lat' dir='ltr'>pertinet</span> <span class='ocrx_word' id='word_1_24' title='bbox 1027 965 1121 1028; x_wconf 83' lang='lat' dir='ltr'>erge,</span> 
     </span>
    </p>

    <p class='ocr_par' dir='ltr' id='par_1_4' title="bbox 287 1045 1087 1131">
     <span class='ocr_line' id='line_1_5' title="bbox 287 1045 1087 1131; baseline 0.001 -22"><span class='ocrx_word' id='word_1_25' title='bbox 287 1046 440 1112; x_wconf 87' lang='lat' dir='ltr'>Procerus</span> <span class='ocrx_word' id='word_1_26' title='bbox 465 1045 573 1112; x_wconf 89' lang='lat' dir='ltr'>odisse</span> <span class='ocrx_word' id='word_1_27' title='bbox 596 1046 715 1131; x_wconf 87' lang='lat' dir='ltr'>lupos?</span> <span class='ocrx_word' id='word_1_28' title='bbox 761 1045 846 1126; x_wconf 84' lang='lat' dir='ltr'>Quia</span> <span class='ocrx_word' id='word_1_29' title='bbox 869 1045 996 1111; x_wconf 87' lang='lat' dir='ltr'>scilicet</span> <span class='ocrx_word' id='word_1_30' title='bbox 1019 1045 1087 1110; x_wconf 90' lang='lat' dir='ltr'>illis</span> 
     </span>
    </p>

    <p class='ocr_par' dir='ltr' id='par_1_5' title="bbox 285 1149 1242 1339">
     <span class='ocr_line' id='line_1_6' title="bbox 285 1149 1242 1234; baseline 0 -20"><span class='ocrx_word' id='word_1_31' title='bbox 285 1149 442 1215; x_wconf 85' lang='lat' dir='ltr'>Maiorem</span> <span class='ocrx_word' id='word_1_32' title='bbox 466 1155 584 1215; x_wconf 86' lang='lat' dir='ltr'>natura</span> <span class='ocrx_word' id='word_1_33' title='bbox 607 1151 742 1215; x_wconf 89' lang='lat' dir='ltr'>modurn</span> <span class='ocrx_word' id='word_1_34' title='bbox 767 1150 878 1233; x_wconf 84' lang='lat' dir='ltr'>dedit,</span> <span class='ocrx_word' id='word_1_35' title='bbox 908 1149 960 1214; x_wconf 90' lang='lat' dir='ltr'>his</span> <span class='ocrx_word' id='word_1_36' title='bbox 987 1150 1083 1215; x_wconf 87' lang='lat' dir='ltr'>breve</span> <span class='ocrx_word' id='word_1_37' title='bbox 1104 1150 1242 1234; x_wconf 89' lang='lat' dir='ltr'>pondus.</span> 
     </span>
     <span class='ocr_line' id='line_1_7' title="bbox 285 1252 1054 1339; baseline -0.001 -22"><span class='ocrx_word' id='word_1_38' title='bbox 285 1252 419 1318; x_wconf 89' lang='lat' dir='ltr'>Ieiunus</span> <span class='ocrx_word' id='word_1_39' title='bbox 443 1274 514 1318; x_wconf 88' lang='lat' dir='ltr'>raro</span> <span class='ocrx_word' id='word_1_40' title='bbox 538 1254 726 1318; x_wconf 80' lang='lat' dir='ltr'>stomachus</span> <span class='ocrx_word' id='word_1_41' title='bbox 750 1253 900 1339; x_wconf 83' lang='lat' dir='ltr'>vulgaria</span> <span class='ocrx_word' id='word_1_42' title='bbox 925 1253 1054 1317; x_wconf 81' lang='lat' dir='ltr'>temnit</span> 
     </span>
    </p>

    <p class='ocr_par' dir='ltr' id='par_1_6' title="bbox 288 1355 1126 1442">
     <span class='ocr_line' id='line_1_8' title="bbox 288 1355 1126 1442; baseline 0 -23"><span class='ocrx_word' id='word_1_43' title='bbox 288 1357 501 1438; x_wconf 82' lang='lat' dir='ltr'>„Porrectum</span> <span class='ocrx_word' id='word_1_44' title='bbox 521 1377 642 1441; x_wconf 87' lang='lat' dir='ltr'>magno</span> <span class='ocrx_word' id='word_1_45' title='bbox 663 1378 822 1442; x_wconf 87' lang='lat' dir='ltr'>magnum</span> <span class='ocrx_word' id='word_1_46' title='bbox 845 1361 992 1441; x_wconf 88' lang='lat' dir='ltr'>spectare</span> <span class='ocrx_word' id='word_1_47' title='bbox 1017 1355 1126 1420; x_wconf 89' lang='lat' dir='ltr'>catino</span> 
     </span>
    </p>

    <p class='ocr_par' dir='ltr' id='par_1_7' title="bbox 287 1458 1355 1650">
     <span class='ocr_line' id='line_1_9' title="bbox 287 1458 1344 1546; baseline 0.001 -23"><span class='ocrx_word' id='word_1_48' title='bbox 287 1459 482 1542; x_wconf 86' lang='lat' dir='ltr'>„Vellem,“</span> <span class='ocrx_word' id='word_1_49' title='bbox 506 1459 553 1524; x_wconf 86' lang='lat' dir='ltr'>ait</span> <span class='ocrx_word' id='word_1_50' title='bbox 576 1460 734 1545; x_wconf 84' lang='lat' dir='ltr'>Harpyiis</span> <span class='ocrx_word' id='word_1_51' title='bbox 755 1461 835 1546; x_wconf 86' lang='lat' dir='ltr'>gula</span> <span class='ocrx_word' id='word_1_52' title='bbox 860 1459 963 1544; x_wconf 84' lang='lat' dir='ltr'>digna</span> <span class='ocrx_word' id='word_1_53' title='bbox 987 1458 1168 1543; x_wconf 83' lang='lat' dir='ltr'>rapacibus.</span> <span class='ocrx_word' id='word_1_54' title='bbox 1215 1458 1264 1524; x_wconf 91' lang='lat' dir='ltr'>At</span> <span class='ocrx_word' id='word_1_55' title='bbox 1285 1481 1344 1524; x_wconf 89' lang='lat' dir='ltr'>vos</span> 
     </span>
     <span class='ocr_line' id='line_1_10' title="bbox 288 1561 1355 1650; baseline 0 -24"><span class='ocrx_word' id='word_1_56' title='bbox 288 1562 498 1646; x_wconf 88' lang='lat' dir='ltr'>Praesentes,</span> <span class='ocrx_word' id='word_1_57' title='bbox 523 1563 644 1646; x_wconf 89' lang='lat' dir='ltr'>austri,</span> <span class='ocrx_word' id='word_1_58' title='bbox 672 1564 801 1650; x_wconf 83' lang='lat' dir='ltr'>coquite</span> <span class='ocrx_word' id='word_1_59' title='bbox 820 1564 939 1628; x_wconf 90' lang='lat' dir='ltr'>horum</span> <span class='ocrx_word' id='word_1_60' title='bbox 960 1562 1114 1648; x_wconf 81' lang='lat' dir='ltr'>opsonia!</span> <span class='ocrx_word' id='word_1_61' title='bbox 1148 1561 1355 1646; x_wconf 84' lang='lat' dir='ltr'>Quamquam</span> 
     </span>
    </p>
   </div>
   <div class='ocr_carea' id='block_1_3' title="bbox 287 1665 1266 1753">
    <p class='ocr_par' dir='ltr' id='par_1_8' title="bbox 287 1665 1266 1753">
     <span class='ocr_line' id='line_1_11' title="bbox 287 1665 1266 1753; baseline 0.002 -24"><span class='ocrx_word' id='word_1_62' title='bbox 287 1665 388 1731; x_wconf 91' lang='lat' dir='ltr'>Putet</span> <span class='ocrx_word' id='word_1_63' title='bbox 407 1689 484 1751; x_wconf 89' lang='lat' dir='ltr'>aper</span> <span class='ocrx_word' id='word_1_64' title='bbox 502 1667 724 1753; x_wconf 86' lang='lat' dir='ltr'>rhombusque</span> <span class='ocrx_word' id='word_1_65' title='bbox 750 1690 881 1750; x_wconf 89' lang='lat' dir='ltr'>recens,</span> <span class='ocrx_word' id='word_1_66' title='bbox 910 1668 999 1732; x_wconf 83' lang='lat' dir='ltr'>mala</span> <span class='ocrx_word' id='word_1_67' title='bbox 1021 1666 1114 1751; x_wconf 90' lang='lat' dir='ltr'>copia</span> <span class='ocrx_word' id='word_1_68' title='bbox 1135 1666 1266 1751; x_wconf 90' lang='lat' dir='ltr'>quando</span> 
     </span>
    </p>
   </div>
   <div class='ocr_carea' id='block_1_4' title="bbox 197 1777 1385 4606">
    <p class='ocr_par' dir='ltr' id='par_1_9' title="bbox 197 1777 1385 4606">
     <span class='ocr_line' id='line_1_12' title="bbox 240 1777 1383 1847; baseline -0.002 -20"><span class='ocrx_word' id='word_1_69' title='bbox 240 1779 311 1842; x_wconf 86' lang='lat' dir='ltr'>piens</span> <span class='ocrx_word' id='word_1_70' title='bbox 330 1778 452 1842; x_wconf 85' lang='lat' dir='ltr'>palatum,</span> <span class='ocrx_word' id='word_1_71' title='bbox 475 1787 504 1828; x_wconf 90' lang='lat' dir='ltr'>ut</span> <span class='ocrx_word' id='word_1_72' title='bbox 521 1780 654 1830; x_wconf 77' lang='lat' dir='ltr'>discrimen</span> <span class='ocrx_word' id='word_1_73' title='bbox 671 1782 735 1830; x_wconf 88' lang='lat' dir='ltr'>inter</span> <span class='ocrx_word' id='word_1_74' title='bbox 752 1797 790 1830; x_wconf 90' lang='lat' dir='ltr'>co·</span> <span class='ocrx_word' id='word_1_75' title='bbox 834 1795 934 1829; x_wconf 86' lang='lat' dir='ltr'>versum</span> <span class='ocrx_word' id='word_1_76' title='bbox 956 1780 1055 1829; x_wconf 85' lang='lat' dir='ltr'>silentio</span> <span class='ocrx_word' id='word_1_77' title='bbox 1077 1781 1255 1847; x_wconf 72' lang='lat' dir='ltr'>transmiserat.</span> <span class='ocrx_word' id='word_1_78' title='bbox 1290 1777 1339 1828; x_wconf 85' lang='lat' dir='ltr'>Sed</span> <span class='ocrx_word' id='word_1_79' title='bbox 1357 1778 1383 1826; x_wconf 90' lang='lat' dir='ltr'>in</span> 
     </span>
     <span class='ocr_line' id='line_1_13' title="bbox 241 1849 1383 1923; baseline 0 -15"><span class='ocrx_word' id='word_1_80' title='bbox 241 1849 310 1908; x_wconf 83' lang='lat' dir='ltr'>ctum</span> <span class='ocrx_word' id='word_1_81' title='bbox 319 1874 441 1922; x_wconf 87' lang='lat' dir='ltr'>pavonem</span> <span class='ocrx_word' id='word_1_82' title='bbox 450 1867 475 1908; x_wconf 88' lang='lat' dir='ltr'>ct</span> <span class='ocrx_word' id='word_1_83' title='bbox 484 1859 604 1923; x_wconf 81' lang='lat' dir='ltr'>gallinam</span> <span class='ocrx_word' id='word_1_84' title='bbox 614 1860 792 1920; x_wconf 74' lang='lat' dir='ltr'>sentias5uude</span> <span class='ocrx_word' id='word_1_85' title='bbox 833 1859 916 1921; x_wconf 84' lang='lat' dir='ltr'>Epist.</span> <span class='ocrx_word' id='word_1_86' title='bbox 945 1860 977 1906; x_wconf 87' lang='lat' dir='ltr'>ad</span> <span class='ocrx_word' id='word_1_87' title='bbox 1004 1860 1090 1908; x_wconf 85' lang='lat' dir='ltr'>Pison.</span> <span class='ocrx_word' id='word_1_88' title='bbox 1119 1874 1155 1907; x_wconf 87' lang='lat' dir='ltr'>vs.</span> <span class='ocrx_word' id='word_1_89' title='bbox 1184 1859 1241 1910; x_wconf 81' lang='lat'>337.</span> <span class='ocrx_word' id='word_1_90' title='bbox 1270 1858 1383 1921; x_wconf 85' lang='lat' dir='ltr'>spurium</span> 
     </span>
     <span class='ocr_line' id='line_1_14' title="bbox 240 1937 1383 2001; baseline 0.003 -17"><span class='ocrx_word' id='word_1_91' title='bbox 240 1945 325 1986; x_wconf 79' lang='lat' dir='ltr'>autem</span> <span class='ocrx_word' id='word_1_92' title='bbox 341 1938 430 1997; x_wconf 86' lang='lat' dir='ltr'>sentis,</span> <span class='ocrx_word' id='word_1_93' title='bbox 451 1937 525 2001; x_wconf 86' lang='lat' dir='ltr'>lupus</span> <span class='ocrx_word' id='word_1_94' title='bbox 541 1938 583 1986; x_wconf 84' lang='lat' dir='ltr'>hle</span> <span class='ocrx_word' id='word_1_95' title='bbox 598 1938 630 1986; x_wconf 89' lang='lat' dir='ltr'>sit</span> <span class='ocrx_word' id='word_1_96' title='bbox 646 1940 792 1999; x_wconf 87' lang='lat' dir='ltr'>Tiberinus,</span> <span class='ocrx_word' id='word_1_97' title='bbox 833 1937 950 1995; x_wconf 85' lang='lat' dir='ltr'>eiicienti,</span> <span class='ocrx_word' id='word_1_98' title='bbox 979 1938 1053 1987; x_wconf 89' lang='lat' dir='ltr'>huius</span> <span class='ocrx_word' id='word_1_99' title='bbox 1078 1939 1237 1990; x_wconf 85' lang='lat' dir='ltr'>in.mentem</span> <span class='ocrx_word' id='word_1_100' title='bbox 1261 1937 1383 1987; x_wconf 87' lang='lat' dir='ltr'>veniebat.</span> 
     </span>
     <span class='ocr_line' id='line_1_15' title="bbox 242 2016 1384 2080; baseline 0 -16"><span class='ocrx_word' id='word_1_101' title='bbox 242 2031 275 2064; x_wconf 85' lang='lat' dir='ltr'>an</span> <span class='ocrx_word' id='word_1_102' title='bbox 292 2017 319 2064; x_wconf 75' lang='lat' dir='ltr'>In</span> <span class='ocrx_word' id='word_1_103' title='bbox 335 2017 388 2065; x_wconf 85' lang='lat' dir='ltr'>alto</span> <span class='ocrx_word' id='word_1_104' title='bbox 402 2021 503 2080; x_wconf 83' lang='lat' dir='ltr'>captus?</span> <span class='ocrx_word' id='word_1_105' title='bbox 537 2016 637 2078; x_wconf 84' lang='lat' dir='ltr'>Quanto</span> <span class='ocrx_word' id='word_1_106' title='bbox 654 2019 743 2068; x_wconf 84' lang='lat' dir='ltr'>melius</span> <span class='ocrx_word' id='word_1_107' title='bbox 760 2021 793 2068; x_wconf 86' lang='lat' dir='ltr'>sit</span> <span class='ocrx_word' id='word_1_108' title='bbox 833 2017 901 2064; x_wconf 89' lang='lat' dir='ltr'>Turn</span> <span class='ocrx_word' id='word_1_109' title='bbox 926 2017 1010 2064; x_wconf 88' lang='lat' dir='ltr'>docuit</span> <span class='ocrx_word' id='word_1_110' title='bbox 1034 2017 1176 2065; x_wconf 80' lang='lat' dir='ltr'>huiuamodi</span> <span class='ocrx_word' id='word_1_111' title='bbox 1200 2016 1335 2064; x_wconf 76' lang='lat' dir='ltr'>sententias</span> <span class='ocrx_word' id='word_1_112' title='bbox 1356 2016 1384 2064; x_wconf 89' lang='lat' dir='ltr'>in</span> 
     </span>
     <span class='ocr_line' id='line_1_16' title="bbox 243 2095 1383 2161; baseline 0.001 -18"><span class='ocrx_word' id='word_1_113' title='bbox 243 2101 328 2144; x_wconf 82' lang='lat' dir='ltr'>autem</span> <span class='ocrx_word' id='word_1_114' title='bbox 353 2111 428 2159; x_wconf 90' lang='lat' dir='ltr'>quam</span> <span class='ocrx_word' id='word_1_115' title='bbox 453 2098 556 2154; x_wconf 58' lang='lat' dir='ltr'>mlum,</span> <span class='ocrx_word' id='word_1_116' title='bbox 583 2098 656 2146; x_wconf 81' lang='lat' dir='ltr'>tacito</span> <span class='ocrx_word' id='word_1_117' title='bbox 682 2100 793 2161; x_wconf 80' lang='lat' dir='ltr'>agnoscit</span> <span class='ocrx_word' id='word_1_118' title='bbox 832 2095 903 2143; x_wconf 88' lang='lat' dir='ltr'>libris</span> <span class='ocrx_word' id='word_1_119' title='bbox 920 2096 1071 2155; x_wconf 72' lang='lat' dir='ltr'>trivialibus,</span> <span class='ocrx_word' id='word_1_120' title='bbox 1093 2096 1136 2159; x_wconf 91' lang='lat' dir='ltr'>qni</span> <span class='ocrx_word' id='word_1_121' title='bbox 1157 2096 1240 2158; x_wconf 86' lang='lat' dir='ltr'>pueris</span> <span class='ocrx_word' id='word_1_122' title='bbox 1258 2095 1383 2158; x_wconf 84' lang='lat' dir='ltr'>praelege-</span> 
     </span>
     <span class='ocr_line' id='line_1_17' title="bbox 242 2173 1384 2237; baseline 0.005 -13"><span class='ocrx_word' id='word_1_123' title='bbox 242 2176 384 2233; x_wconf 88' lang='lat' dir='ltr'>Bentlcius,</span> <span class='ocrx_word' id='word_1_124' title='bbox 400 2177 460 2223; x_wconf 90' lang='lat' dir='ltr'>dum</span> <span class='ocrx_word' id='word_1_125' title='bbox 477 2183 591 2226; x_wconf 83' lang='lat' dir='ltr'>annotat:</span> <span class='ocrx_word' id='word_1_126' title='bbox 620 2178 710 2236; x_wconf 83' lang='lat' dir='ltr'>„Unde</span> <span class='ocrx_word' id='word_1_127' title='bbox 735 2193 792 2226; x_wconf 88' lang='lat' dir='ltr'>con·</span> <span class='ocrx_word' id='word_1_128' title='bbox 832 2173 935 2231; x_wconf 79' lang='lat' dir='ltr'>bantur,</span> <span class='ocrx_word' id='word_1_129' title='bbox 957 2175 1066 2237; x_wconf 79' lang='lat' dir='ltr'>primum</span> <span class='ocrx_word' id='word_1_130' title='bbox 1091 2176 1117 2222; x_wconf 80' lang='lat' dir='ltr'>in</span> <span class='ocrx_word' id='word_1_131' title='bbox 1142 2175 1255 2237; x_wconf 59' lang='lat' dir='ltr'>margine</span> <span class='ocrx_word' id='word_1_132' title='bbox 1277 2174 1318 2222; x_wconf 67' lang='lat' dir='ltr'>vel</span> <span class='ocrx_word' id='word_1_133' title='bbox 1339 2189 1384 2223; x_wconf 65' lang='lat' dir='ltr'>Ort</span> 
     </span>
     <span class='ocr_line' id='line_1_18' title="bbox 241 2252 1384 2320; baseline 0 -16"><span class='ocrx_word' id='word_1_134' title='bbox 241 2269 338 2304; x_wconf 88' lang='lat' dir='ltr'>cessum</span> <span class='ocrx_word' id='word_1_135' title='bbox 361 2254 420 2314; x_wconf 89' lang='lat' dir='ltr'>tibi,</span> <span class='ocrx_word' id='word_1_136' title='bbox 441 2262 469 2302; x_wconf 93' lang='lat' dir='ltr'>ut</span> <span class='ocrx_word' id='word_1_137' title='bbox 493 2255 631 2315; x_wconf 84' lang='lat' dir='ltr'>discernas,</span> <span class='ocrx_word' id='word_1_138' title='bbox 657 2256 730 2320; x_wconf 88' lang='lat' dir='ltr'>lupus</span> <span class='ocrx_word' id='word_1_139' title='bbox 752 2258 794 2306; x_wconf 89' lang='lat' dir='ltr'>hio</span> <span class='ocrx_word' id='word_1_140' title='bbox 833 2253 922 2302; x_wconf 87' lang='lat' dir='ltr'>codicis</span> <span class='ocrx_word' id='word_1_141' title='bbox 942 2261 1047 2311; x_wconf 81' lang='lat' dir='ltr'>notatas,</span> <span class='ocrx_word' id='word_1_142' title='bbox 1063 2260 1148 2317; x_wconf 86' lang='lat' dir='ltr'>postea</span> <span class='ocrx_word' id='word_1_143' title='bbox 1164 2254 1190 2301; x_wconf 92' lang='lat' dir='ltr'>in</span> <span class='ocrx_word' id='word_1_144' title='bbox 1201 2252 1384 2304; x_wconf 81' lang='lat' dir='ltr'>textumiuisse</span> 
     </span>
     <span class='ocr_line' id='line_1_19' title="bbox 243 2332 1383 2397; baseline -0.001 -17"><span class='ocrx_word' id='word_1_145' title='bbox 243 2332 371 2382; x_wconf 82' lang='lat' dir='ltr'>fluviatilis</span> <span class='ocrx_word' id='word_1_146' title='bbox 392 2333 424 2382; x_wconf 85' lang='lat' dir='ltr'>sit</span> <span class='ocrx_word' id='word_1_147' title='bbox 445 2348 478 2382; x_wconf 88' lang='lat' dir='ltr'>au</span> <span class='ocrx_word' id='word_1_148' title='bbox 502 2335 629 2384; x_wconf 80' lang='lat' dir='ltr'>marinus?</span> <span class='ocrx_word' id='word_1_149' title='bbox 654 2344 744 2384; x_wconf 83' lang='lat' dir='ltr'>natura</span> <span class='ocrx_word' id='word_1_150' title='bbox 769 2343 794 2385; x_wconf 83' lang='lat' dir='ltr'>et</span> <span class='ocrx_word' id='word_1_151' title='bbox 833 2332 975 2382; x_wconf 85' lang='lat' dir='ltr'>translatas.</span> <span class='ocrx_word' id='word_1_152' title='bbox 1008 2332 1082 2380; x_wconf 85' lang='lat' dir='ltr'>Hanc</span> <span class='ocrx_word' id='word_1_153' title='bbox 1107 2332 1207 2397; x_wconf 87' lang='lat' dir='ltr'>quidem</span> <span class='ocrx_word' id='word_1_154' title='bbox 1233 2332 1383 2381; x_wconf 82' lang='lat' dir='ltr'>sententiam</span> 
     </span>
     <span class='ocr_line' id='line_1_20' title="bbox 243 2411 1383 2476; baseline -0.003 -16"><span class='ocrx_word' id='word_1_155' title='bbox 243 2419 332 2476; x_wconf 87' lang='lat' dir='ltr'>gustu,</span> <span class='ocrx_word' id='word_1_156' title='bbox 348 2427 381 2460; x_wconf 79' lang='lat' dir='ltr'>an</span> <span class='ocrx_word' id='word_1_157' title='bbox 397 2413 633 2476; x_wconf 84' lang='lat' dir='ltr'>pravaopiuione?“</span> <span class='ocrx_word' id='word_1_158' title='bbox 659 2415 728 2463; x_wconf 88' lang='lat' dir='ltr'>Dicit</span> <span class='ocrx_word' id='word_1_159' title='bbox 738 2431 793 2465; x_wconf 83' lang='lat' dir='ltr'>con·</span> <span class='ocrx_word' id='word_1_160' title='bbox 833 2419 899 2462; x_wconf 86' lang='lat' dir='ltr'>recte</span> <span class='ocrx_word' id='word_1_161' title='bbox 916 2412 1066 2471; x_wconf 82' lang='lat' dir='ltr'>eliminavit,</span> <span class='ocrx_word' id='word_1_162' title='bbox 1082 2427 1141 2460; x_wconf 87' lang='lat' dir='ltr'>nam</span> <span class='ocrx_word' id='word_1_163' title='bbox 1157 2419 1182 2460; x_wconf 87' lang='lat' dir='ltr'>et</span> <span class='ocrx_word' id='word_1_164' title='bbox 1198 2411 1317 2460; x_wconf 86' lang='lat' dir='ltr'>orationis</span> <span class='ocrx_word' id='word_1_165' title='bbox 1329 2424 1383 2458; x_wconf 88' lang='lat' dir='ltr'>cur·</span> 
     </span>
     <span class='ocr_line' id='line_1_21' title="bbox 243 2490 1383 2553; baseline -0.004 -12"><span class='ocrx_word' id='word_1_166' title='bbox 243 2507 337 2541; x_wconf 78' lang='lat' dir='ltr'>cessam</span> <span class='ocrx_word' id='word_1_167' title='bbox 355 2493 415 2551; x_wconf 82' lang='lat' dir='ltr'>tibi,</span> <span class='ocrx_word' id='word_1_168' title='bbox 432 2507 483 2540; x_wconf 90' lang='lat' dir='ltr'>non</span> <span class='ocrx_word' id='word_1_169' title='bbox 498 2508 638 2542; x_wconf 69' lang='lat' dir='ltr'>collecatum</span> <span class='ocrx_word' id='word_1_170' title='bbox 651 2495 698 2542; x_wconf 84' lang='lat' dir='ltr'>ilbi</span> <span class='ocrx_word' id='word_1_171' title='bbox 709 2495 793 2544; x_wconf 76' lang='lat' dir='ltr'>acatia</span> <span class='ocrx_word' id='word_1_172' title='bbox 833 2508 889 2541; x_wconf 92' lang='lat' dir='ltr'>sum</span> <span class='ocrx_word' id='word_1_173' title='bbox 906 2492 973 2541; x_wconf 89' lang='lat' dir='ltr'>male</span> <span class='ocrx_word' id='word_1_174' title='bbox 989 2491 1125 2553; x_wconf 82' lang='lat' dir='ltr'>intercipit,</span> <span class='ocrx_word' id='word_1_175' title='bbox 1142 2504 1167 2539; x_wconf 87' lang='lat' dir='ltr'>et</span> <span class='ocrx_word' id='word_1_176' title='bbox 1183 2491 1209 2538; x_wconf 93' lang='lat' dir='ltr'>in</span> <span class='ocrx_word' id='word_1_177' title='bbox 1226 2490 1336 2552; x_wconf 83' lang='lat' dir='ltr'>ambigui</span> <span class='ocrx_word' id='word_1_178' title='bbox 1348 2490 1383 2537; x_wconf 94' lang='lat' dir='ltr'>vi-</span> 
     </span>
     <span class='ocr_line' id='line_1_22' title="bbox 243 2571 1384 2637; baseline -0.003 -16"><span class='ocrx_word' id='word_1_179' title='bbox 243 2573 301 2621; x_wconf 82' lang='lat' dir='ltr'>Non</span> <span class='ocrx_word' id='word_1_180' title='bbox 318 2571 388 2620; x_wconf 80' lang='lat' dir='ltr'>lactc</span> <span class='ocrx_word' id='word_1_181' title='bbox 405 2572 794 2637; x_wconf 80' lang='lat' dir='ltr'>hicclntamexplicatur,nequo</span> <span class='ocrx_word' id='word_1_182' title='bbox 833 2574 897 2622; x_wconf 90' lang='lat' dir='ltr'>tium</span> <span class='ocrx_word' id='word_1_183' title='bbox 921 2572 1024 2629; x_wconf 89' lang='lat' dir='ltr'>incidit,</span> <span class='ocrx_word' id='word_1_184' title='bbox 1055 2587 1116 2619; x_wconf 79' lang='lat' dir='ltr'>roro</span> <span class='ocrx_word' id='word_1_185' title='bbox 1141 2573 1239 2619; x_wconf 75' lang='lat' dir='ltr'>ieiunus</span> <span class='ocrx_word' id='word_1_186' title='bbox 1266 2585 1298 2617; x_wconf 87' lang='lat' dir='ltr'>au</span> <span class='ocrx_word' id='word_1_187' title='bbox 1323 2585 1384 2618; x_wconf 88' lang='lat' dir='ltr'>raro</span> 
     </span>
     <span class='ocr_line' id='line_1_23' title="bbox 243 2649 1383 2716; baseline -0.003 -17"><span class='ocrx_word' id='word_1_188' title='bbox 243 2651 311 2699; x_wconf 82' lang='lat' dir='ltr'>aliud</span> <span class='ocrx_word' id='word_1_189' title='bbox 336 2652 481 2716; x_wconf 88' lang='lat' dir='ltr'>requiritur,</span> <span class='ocrx_word' id='word_1_190' title='bbox 509 2667 584 2715; x_wconf 85' lang='lat' dir='ltr'>quam</span> <span class='ocrx_word' id='word_1_191' title='bbox 612 2653 678 2701; x_wconf 83' lang='lat' dir='ltr'>unde</span> <span class='ocrx_word' id='word_1_192' title='bbox 704 2654 794 2711; x_wconf 76' lang='lat' dir='ltr'>sentis,</span> <span class='ocrx_word' id='word_1_193' title='bbox 835 2653 932 2701; x_wconf 75' lang='lat' dir='ltr'>terruit.</span> <span class='ocrx_word' id='word_1_194' title='bbox 961 2651 1038 2700; x_wconf 87' lang='lat' dir='ltr'>Haud</span> <span class='ocrx_word' id='word_1_195' title='bbox 1054 2649 1134 2698; x_wconf 85' lang='lat' dir='ltr'>multo</span> <span class='ocrx_word' id='word_1_196' title='bbox 1150 2649 1237 2698; x_wconf 79' lang='lat' dir='ltr'>mellor</span> <span class='ocrx_word' id='word_1_197' title='bbox 1255 2655 1293 2698; x_wconf 87' lang='lat' dir='ltr'>est</span> <span class='ocrx_word' id='word_1_198' title='bbox 1308 2662 1383 2696; x_wconf 81' lang='lat' dir='ltr'>versu</span> 
     </span>
     <span class='ocr_line' id='line_1_24' title="bbox 243 2729 1383 2794; baseline -0.001 -16"><span class='ocrx_word' id='word_1_199' title='bbox 243 2733 360 2794; x_wconf 81' lang='lat' dir='ltr'>quomodo</span> <span class='ocrx_word' id='word_1_200' title='bbox 383 2733 469 2781; x_wconf 73' lang='lat' dir='ltr'>amatia.</span> <span class='ocrx_word' id='word_1_201' title='bbox 509 2731 545 2780; x_wconf 87' lang='lat' dir='ltr'>Ut</span> <span class='ocrx_word' id='word_1_202' title='bbox 569 2731 610 2779; x_wconf 91' lang='lat' dir='ltr'>hic</span> <span class='ocrx_word' id='word_1_203' title='bbox 634 2734 735 2790; x_wconf 77' lang='lat' dir='ltr'>daiam,</span> <span class='ocrx_word' id='word_1_204' title='bbox 760 2732 795 2780; x_wconf 84' lang='lat' dir='ltr'>ita</span> <span class='ocrx_word' id='word_1_205' title='bbox 834 2730 946 2793; x_wconf 86' lang='lat' dir='ltr'>vulgari,</span> <span class='ocrx_word' id='word_1_206' title='bbox 963 2729 1121 2778; x_wconf 83' lang='lat' dir='ltr'>scholastico:</span> <span class='ocrx_word' id='word_1_207' title='bbox 1143 2731 1217 2788; x_wconf 81' lang='lat' dir='ltr'>Quod</span> <span class='ocrx_word' id='word_1_208' title='bbox 1233 2745 1324 2778; x_wconf 83' lang='lat' dir='ltr'>rarum</span> <span class='ocrx_word' id='word_1_209' title='bbox 1343 2744 1383 2778; x_wconf 82' lang='lat' dir='ltr'>ca·</span> 
     </span>
     <span class='ocr_line' id='line_1_25' title="bbox 243 2808 1219 2873; baseline -0.005 -14"><span class='ocrx_word' id='word_1_210' title='bbox 243 2812 299 2859; x_wconf 78' lang='lat' dir='ltr'>dati</span> <span class='ocrx_word' id='word_1_211' title='bbox 315 2825 364 2859; x_wconf 91' lang='lat' dir='ltr'>nou</span> <span class='ocrx_word' id='word_1_212' title='bbox 382 2810 452 2860; x_wconf 88' lang='lat' dir='ltr'>facile</span> <span class='ocrx_word' id='word_1_213' title='bbox 469 2810 608 2873; x_wconf 82' lang='lat' dir='ltr'>explicatur</span> <span class='ocrx_word' id='word_1_214' title='bbox 624 2811 650 2859; x_wconf 92' lang='lat' dir='ltr'>in</span> <span class='ocrx_word' id='word_1_215' title='bbox 665 2811 734 2860; x_wconf 82' lang='lat' dir='ltr'>Vell.</span> <span class='ocrx_word' id='word_1_216' title='bbox 746 2812 793 2860; x_wconf 80' lang='lat' dir='ltr'>Pa·</span> <span class='ocrx_word' id='word_1_217' title='bbox 833 2825 905 2865; x_wconf 81' lang='lat' dir='ltr'>rum,</span> <span class='ocrx_word' id='word_1_218' title='bbox 922 2810 1020 2858; x_wconf 80' lang='lat' dir='ltr'>vilescit</span> <span class='ocrx_word' id='word_1_219' title='bbox 1036 2808 1219 2870; x_wconf 76' lang='lat' dir='ltr'>qrtoiirliunum.</span> 
     </span>
     <span class='ocr_line' id='line_1_26' title="bbox 242 2887 1382 2952; baseline -0.002 -15"><span class='ocrx_word' id='word_1_220' title='bbox 242 2896 303 2939; x_wconf 80' lang='lat' dir='ltr'>tere.</span> <span class='ocrx_word' id='word_1_221' title='bbox 320 2889 356 2939; x_wconf 85' lang='lat' dir='ltr'>II.</span> <span class='ocrx_word' id='word_1_222' title='bbox 374 2891 413 2942; x_wconf 73' lang='lat'>57.</span> <span class='ocrx_word' id='word_1_223' title='bbox 448 2891 486 2938; x_wconf 87' lang='lat' dir='ltr'>Et</span> <span class='ocrx_word' id='word_1_224' title='bbox 503 2891 581 2938; x_wconf 81' lang='lat' dir='ltr'>libelli</span> <span class='ocrx_word' id='word_1_225' title='bbox 597 2891 794 2939; x_wconf 81' lang='lat' dir='ltr'>coniurationem</span> <span class='ocrx_word' id='word_1_226' title='bbox 865 2889 1005 2939; x_wconf 82' lang='lat' dir='ltr'>Annotatio</span> <span class='ocrx_word' id='word_1_227' title='bbox 1016 2901 1114 2952; x_wconf 85' lang='lat' dir='ltr'>quoque</span> <span class='ocrx_word' id='word_1_228' title='bbox 1125 2887 1231 2937; x_wconf 87' lang='lat' dir='ltr'>Acronis</span> <span class='ocrx_word' id='word_1_229' title='bbox 1243 2894 1382 2951; x_wconf 87' lang='lat' dir='ltr'>suspectum</span> 
     </span>
     <span class='ocr_line' id='line_1_27' title="bbox 243 2965 1382 3032; baseline -0.004 -13"><span class='ocrx_word' id='word_1_230' title='bbox 243 2971 397 3032; x_wconf 75' lang='lat' dir='ltr'>explicantes</span> <span class='ocrx_word' id='word_1_231' title='bbox 413 2970 483 3025; x_wconf 84' lang='lat' dir='ltr'>clati,</span> <span class='ocrx_word' id='word_1_232' title='bbox 509 2971 541 3016; x_wconf 82' lang='lat' dir='ltr'>ub</span> <span class='ocrx_word' id='word_1_233' title='bbox 565 2984 592 3016; x_wconf 87' lang='lat' dir='ltr'>eo</span> <span class='ocrx_word' id='word_1_234' title='bbox 616 2985 694 3031; x_wconf 80' lang='lat' dir='ltr'>aeque</span> <span class='ocrx_word' id='word_1_235' title='bbox 714 2971 794 3032; x_wconf 80' lang='lat' dir='ltr'>proti·</span> <span class='ocrx_word' id='word_1_236' title='bbox 834 2966 905 3016; x_wconf 83' lang='lat' dir='ltr'>iacit:</span> <span class='ocrx_word' id='word_1_237' title='bbox 928 2969 1051 3026; x_wconf 72' lang='lat' dir='ltr'>,Jeiumu</span> <span class='ocrx_word' id='word_1_238' title='bbox 1067 2981 1089 3013; x_wconf 85' lang='lat' dir='ltr'>r.</span> <span class='ocrx_word' id='word_1_239' title='bbox 1129 2967 1198 3013; x_wconf 82' lang='lat' dir='ltr'>Rari</span> <span class='ocrx_word' id='word_1_240' title='bbox 1218 2965 1299 3029; x_wconf 83' lang='lat' dir='ltr'>magis</span> <span class='ocrx_word' id='word_1_241' title='bbox 1315 2968 1382 3029; x_wconf 84' lang='lat' dir='ltr'>lego.</span> 
     </span>
     <span class='ocr_line' id='line_1_28' title="bbox 243 3043 1383 3106; baseline -0.003 -10"><span class='ocrx_word' id='word_1_242' title='bbox 243 3063 291 3096; x_wconf 80' lang='lat' dir='ltr'>aur</span> <span class='ocrx_word' id='word_1_243' title='bbox 308 3049 367 3098; x_wconf 84' lang='lat' dir='ltr'>lecti</span> <span class='ocrx_word' id='word_1_244' title='bbox 377 3053 459 3096; x_wconf 82' lang='lat' dir='ltr'>eruat.</span> <span class='ocrx_word' id='word_1_245' title='bbox 485 3047 602 3095; x_wconf 83' lang='lat' dir='ltr'>Fortasse</span> <span class='ocrx_word' id='word_1_246' title='bbox 612 3046 725 3096; x_wconf 85' lang='lat' dir='ltr'>Velleius</span> <span class='ocrx_word' id='word_1_247' title='bbox 737 3048 793 3095; x_wconf 87' lang='lat' dir='ltr'>scri-</span> <span class='ocrx_word' id='word_1_248' title='bbox 834 3047 896 3095; x_wconf 84' lang='lat' dir='ltr'>Ruri</span> <span class='ocrx_word' id='word_1_249' title='bbox 917 3045 1017 3095; x_wconf 86' lang='lat' dir='ltr'>honoris</span> <span class='ocrx_word' id='word_1_250' title='bbox 1038 3045 1091 3093; x_wconf 83' lang='lat' dir='ltr'>eins</span> <span class='ocrx_word' id='word_1_251' title='bbox 1108 3043 1227 3106; x_wconf 88' lang='lat' dir='ltr'>quidquid</span> <span class='ocrx_word' id='word_1_252' title='bbox 1244 3058 1329 3092; x_wconf 86' lang='lat' dir='ltr'>rarum</span> <span class='ocrx_word' id='word_1_253' title='bbox 1345 3051 1383 3093; x_wconf 85' lang='lat' dir='ltr'>est</span> 
     </span>
     <span class='ocr_line' id='line_1_29' title="bbox 243 3120 1384 3190; baseline -0.003 -16"><span class='ocrx_word' id='word_1_254' title='bbox 243 3127 305 3190; x_wconf 88' lang='lat' dir='ltr'>psit:</span> <span class='ocrx_word' id='word_1_255' title='bbox 325 3127 364 3174; x_wconf 86' lang='lat' dir='ltr'>Ei</span> <span class='ocrx_word' id='word_1_256' title='bbox 389 3127 467 3173; x_wconf 73' lang='lat' dir='ltr'>libelii</span> <span class='ocrx_word' id='word_1_257' title='bbox 491 3126 689 3174; x_wconf 81' lang='lat' dir='ltr'>coniurationem</span> <span class='ocrx_word' id='word_1_258' title='bbox 714 3128 793 3189; x_wconf 70' lang='lat' dir='ltr'>expli·</span> <span class='ocrx_word' id='word_1_259' title='bbox 833 3125 908 3187; x_wconf 89' lang='lat' dir='ltr'>cupit.</span> <span class='ocrx_word' id='word_1_260' title='bbox 942 3124 1018 3185; x_wconf 86' lang='lat' dir='ltr'>Inops</span> <span class='ocrx_word' id='word_1_261' title='bbox 1040 3121 1092 3169; x_wconf 88' lang='lat' dir='ltr'>rari</span> <span class='ocrx_word' id='word_1_262' title='bbox 1107 3120 1219 3183; x_wconf 87' lang='lat' dir='ltr'>cupidus.</span> <span class='ocrx_word' id='word_1_263' title='bbox 1252 3120 1307 3169; x_wconf 87' lang='lat' dir='ltr'>Alii</span> <span class='ocrx_word' id='word_1_264' title='bbox 1323 3136 1384 3171; x_wconf 78' lang='lat' dir='ltr'>rara</span> 
     </span>
     <span class='ocr_line' id='line_1_30' title="bbox 243 3197 1383 3266; baseline -0.007 -11"><span class='ocrx_word' id='word_1_265' title='bbox 243 3211 330 3255; x_wconf 78' lang='lat' dir='ltr'>cantes</span> <span class='ocrx_word' id='word_1_266' title='bbox 350 3205 446 3265; x_wconf 74' lang='lat' dir='ltr'>accepti</span> <span class='ocrx_word' id='word_1_267' title='bbox 471 3205 502 3250; x_wconf 82' lang='lat' dir='ltr'>ab</span> <span class='ocrx_word' id='word_1_268' title='bbox 526 3219 554 3253; x_wconf 78' lang='lat' dir='ltr'>cc</span> <span class='ocrx_word' id='word_1_269' title='bbox 577 3219 656 3266; x_wconf 82' lang='lat' dir='ltr'>neque</span> <span class='ocrx_word' id='word_1_270' title='bbox 677 3206 796 3266; x_wconf 74' lang='lat' dir='ltr'>protinus</span> <span class='ocrx_word' id='word_1_271' title='bbox 833 3203 934 3266; x_wconf 84' lang='lat' dir='ltr'>legunt,</span> <span class='ocrx_word' id='word_1_272' title='bbox 955 3216 1013 3249; x_wconf 89' lang='lat' dir='ltr'>cum</span> <span class='ocrx_word' id='word_1_273' title='bbox 1034 3201 1060 3247; x_wconf 90' lang='lat' dir='ltr'>in</span> <span class='ocrx_word' id='word_1_274' title='bbox 1082 3212 1129 3246; x_wconf 90' lang='lat' dir='ltr'>usu</span> <span class='ocrx_word' id='word_1_275' title='bbox 1146 3197 1281 3247; x_wconf 82' lang='lat' dir='ltr'>habeamus</span> <span class='ocrx_word' id='word_1_276' title='bbox 1297 3203 1383 3248; x_wconf 84' lang='lat' dir='ltr'>raro.“</span> 
     </span>
     <span class='ocr_line' id='line_1_31' title="bbox 244 3277 1384 3353; baseline -0.004 -21"><span class='ocrx_word' id='word_1_277' title='bbox 244 3285 303 3333; x_wconf 86' lang='lat' dir='ltr'>lecti</span> <span class='ocrx_word' id='word_1_278' title='bbox 313 3287 395 3331; x_wconf 65' lang='lat' dir='ltr'>nant.</span> <span class='ocrx_word' id='word_1_279' title='bbox 412 3282 482 3329; x_wconf 83' lang='lat' dir='ltr'>Idem</span> <span class='ocrx_word' id='word_1_280' title='bbox 494 3291 580 3332; x_wconf 84' lang='lat' dir='ltr'>narrat</span> <span class='ocrx_word' id='word_1_281' title='bbox 592 3282 695 3333; x_wconf 84' lang='lat' dir='ltr'>Suetou.</span> <span class='ocrx_word' id='word_1_282' title='bbox 707 3299 794 3347; x_wconf 85' lang='lat' dir='ltr'>quam-</span> <span class='ocrx_word' id='word_1_283' title='bbox 834 3280 965 3344; x_wconf 85' lang='lat' dir='ltr'>Scripsisse</span> <span class='ocrx_word' id='word_1_284' title='bbox 982 3279 1091 3327; x_wconf 86' lang='lat' dir='ltr'>videtur:</span> <span class='ocrx_word' id='word_1_285' title='bbox 1110 3277 1236 3353; x_wconf 75' lang='lat' dir='ltr'>„Ieiunas</span> <span class='ocrx_word' id='word_1_286' title='bbox 1254 3291 1275 3326; x_wconf 85' lang='lat' dir='ltr'>r.</span> <span class='ocrx_word' id='word_1_287' title='bbox 1288 3292 1308 3326; x_wconf 86' lang='lat' dir='ltr'>s.</span> <span class='ocrx_word' id='word_1_288' title='bbox 1325 3281 1384 3328; x_wconf 85' lang='lat' dir='ltr'>rari</span> 
     </span>
     <span class='ocr_line' id='line_1_32' title="bbox 243 3356 1382 3425; baseline -0.004 -17"><span class='ocrx_word' id='word_1_289' title='bbox 243 3375 319 3425; x_wconf 88' lang='lat' dir='ltr'>quam</span> <span class='ocrx_word' id='word_1_290' title='bbox 335 3360 367 3408; x_wconf 86' lang='lat' dir='ltr'>de</span> <span class='ocrx_word' id='word_1_291' title='bbox 383 3359 604 3425; x_wconf 86' lang='lat' dir='ltr'>unolibello,cap.</span> <span class='ocrx_word' id='word_1_292' title='bbox 617 3362 656 3412; x_wconf 83' lang='lat'>81.</span> <span class='ocrx_word' id='word_1_293' title='bbox 696 3364 794 3422; x_wconf 81' lang='lat' dir='ltr'>Quinta</span> <span class='ocrx_word' id='word_1_294' title='bbox 832 3362 975 3408; x_wconf 72' lang='lat' dir='ltr'>stauracius</span> <span class='ocrx_word' id='word_1_295' title='bbox 1001 3357 1067 3420; x_wconf 83' lang='lat' dir='ltr'>lego.</span> <span class='ocrx_word' id='word_1_296' title='bbox 1101 3357 1161 3406; x_wconf 84' lang='lat' dir='ltr'>Cari</span> <span class='ocrx_word' id='word_1_297' title='bbox 1184 3357 1288 3405; x_wconf 83' lang='lat' dir='ltr'>honores</span> <span class='ocrx_word' id='word_1_298' title='bbox 1313 3356 1382 3417; x_wconf 87' lang='lat' dir='ltr'>eius,</span> 
     </span>
     <span class='ocr_line' id='line_1_33' title="bbox 237 3436 1135 3503; baseline -0.007 -15"><span class='ocrx_word' id='word_1_299' title='bbox 237 3440 299 3503; x_wconf 81' lang='lat' dir='ltr'>sere</span> <span class='ocrx_word' id='word_1_300' title='bbox 324 3441 385 3487; x_wconf 83' lang='lat' dir='ltr'>bora</span> <span class='ocrx_word' id='word_1_301' title='bbox 409 3455 553 3502; x_wconf 64' lang='lat' dir='ltr'>procreatas</span> <span class='ocrx_word' id='word_1_302' title='bbox 577 3447 614 3490; x_wconf 79' lang='lat' dir='ltr'>est</span> <span class='ocrx_word' id='word_1_303' title='bbox 638 3442 795 3503; x_wconf 81' lang='lat' dir='ltr'>libellumque</span> <span class='ocrx_word' id='word_1_304' title='bbox 833 3436 954 3501; x_wconf 88' lang='lat' dir='ltr'>quidquid</span> <span class='ocrx_word' id='word_1_305' title='bbox 971 3451 1057 3484; x_wconf 83' lang='lat' dir='ltr'>rarum</span> <span class='ocrx_word' id='word_1_306' title='bbox 1073 3441 1135 3485; x_wconf 86' lang='lat' dir='ltr'>est.“</span> 
     </span>
     <span class='ocr_line' id='line_1_34' title="bbox 244 3512 1383 3582; baseline -0.003 -15"><span class='ocrx_word' id='word_1_307' title='bbox 244 3519 399 3568; x_wconf 78' lang='lat' dir='ltr'>insidiarum</span> <span class='ocrx_word' id='word_1_308' title='bbox 415 3515 537 3580; x_wconf 80' lang='lat' dir='ltr'>iudicem,</span> <span class='ocrx_word' id='word_1_309' title='bbox 554 3523 586 3569; x_wconf 80' lang='lat' dir='ltr'>ab</span> <span class='ocrx_word' id='word_1_310' title='bbox 602 3522 671 3569; x_wconf 78' lang='lat' dir='ltr'>obulo</span> <span class='ocrx_word' id='word_1_311' title='bbox 687 3522 794 3582; x_wconf 80' lang='lat' dir='ltr'>quodum</span> <span class='ocrx_word' id='word_1_312' title='bbox 866 3517 962 3566; x_wconf 84' lang='lat' dir='ltr'>Notum</span> <span class='ocrx_word' id='word_1_313' title='bbox 979 3524 1016 3565; x_wconf 87' lang='lat' dir='ltr'>est</span> <span class='ocrx_word' id='word_1_314' title='bbox 1031 3516 1205 3580; x_wconf 85' lang='lat' dir='ltr'>proverbium:</span> <span class='ocrx_word' id='word_1_315' title='bbox 1222 3516 1252 3564; x_wconf 81' lang='grc' dir='ltr'>τὸ</span> <span class='ocrx_word' id='word_1_316' title='bbox 1269 3512 1383 3564; x_wconf 80' lang='grc' dir='ltr'>σπάνιον</span> 
     </span>
     <span class='ocr_line' id='line_1_35' title="bbox 243 3597 1382 3661; baseline 0 -17"><span class='ocrx_word' id='word_1_317' title='bbox 243 3603 400 3659; x_wconf 78' lang='lat' dir='ltr'>porrectum,</span> <span class='ocrx_word' id='word_1_318' title='bbox 423 3598 512 3647; x_wconf 77' lang='lat' dir='ltr'>libellis</span> <span class='ocrx_word' id='word_1_319' title='bbox 533 3601 639 3648; x_wconf 81' lang='lat' dir='ltr'>coeteris</span> <span class='ocrx_word' id='word_1_320' title='bbox 659 3615 718 3661; x_wconf 78' lang='lat' dir='ltr'>quor</span> <span class='ocrx_word' id='word_1_321' title='bbox 734 3601 794 3647; x_wconf 75' lang='lat' dir='ltr'>sini·</span> <span class='ocrx_word' id='word_1_322' title='bbox 834 3597 928 3661; x_wconf 76' lang='grc' dir='ltr'>τίμιον,</span> <span class='ocrx_word' id='word_1_323' title='bbox 962 3598 992 3646; x_wconf 92' lang='lat' dir='ltr'>P.</span> <span class='ocrx_word' id='word_1_324' title='bbox 1012 3597 1106 3661; x_wconf 80' lang='lat' dir='ltr'>syrus:</span> <span class='ocrx_word' id='word_1_325' title='bbox 1127 3599 1230 3645; x_wconf 84' lang='lat' dir='ltr'>Rarum</span> <span class='ocrx_word' id='word_1_326' title='bbox 1244 3610 1297 3644; x_wconf 77' lang='lat' dir='ltr'>ease</span> <span class='ocrx_word' id='word_1_327' title='bbox 1312 3609 1382 3657; x_wconf 79' lang='lat' dir='ltr'>opor·-</span> 
     </span>
     <span class='ocr_line' id='line_1_36' title="bbox 245 3677 1216 3740; baseline 0 -17"><span class='ocrx_word' id='word_1_328' title='bbox 245 3679 303 3723; x_wconf 82' lang='lat' dir='ltr'>sira</span> <span class='ocrx_word' id='word_1_329' title='bbox 320 3691 396 3724; x_wconf 80' lang='lat' dir='ltr'>manu</span> <span class='ocrx_word' id='word_1_330' title='bbox 414 3680 524 3735; x_wconf 81' lang='lat' dir='ltr'>terrebat,</span> <span class='ocrx_word' id='word_1_331' title='bbox 546 3679 618 3740; x_wconf 81' lang='lat' dir='ltr'>quusi</span> <span class='ocrx_word' id='word_1_332' title='bbox 639 3693 697 3726; x_wconf 74' lang='lat' dir='ltr'>rrius</span> <span class='ocrx_word' id='word_1_333' title='bbox 718 3679 794 3726; x_wconf 80' lang='lat' dir='ltr'>lectu·</span> <span class='ocrx_word' id='word_1_334' title='bbox 835 3682 883 3734; x_wconf 82' lang='lat' dir='ltr'>tet,</span> <span class='ocrx_word' id='word_1_335' title='bbox 901 3679 967 3739; x_wconf 84' lang='lat' dir='ltr'>qaod</span> <span class='ocrx_word' id='word_1_336' title='bbox 982 3679 1027 3725; x_wconf 83' lang='lat' dir='ltr'>dia</span> <span class='ocrx_word' id='word_1_337' title='bbox 1044 3693 1131 3727; x_wconf 82' lang='lat' dir='ltr'>curum</span> <span class='ocrx_word' id='word_1_338' title='bbox 1147 3677 1216 3724; x_wconf 81' lang='lat' dir='ltr'>aelia.</span> 
     </span>
     <span class='ocr_line' id='line_1_37' title="bbox 197 3751 1384 3817; baseline -0.004 -11"><span class='ocrx_word' id='word_1_339' title='bbox 197 3796 201 3806; x_wconf 89' lang='lat'>.</span> <span class='ocrx_word' id='word_1_340' title='bbox 245 3769 303 3813; x_wconf 78' lang='lat' dir='ltr'>rua,</span> <span class='ocrx_word' id='word_1_341' title='bbox 333 3756 496 3804; x_wconf 76' lang='lat' dir='ltr'>commiscuit.</span> <span class='ocrx_word' id='word_1_342' title='bbox 539 3754 667 3804; x_wconf 87' lang='lat' dir='ltr'>Plutarch.</span> <span class='ocrx_word' id='word_1_343' title='bbox 694 3753 794 3804; x_wconf 85' lang='lat' dir='ltr'>Caesar.</span> <span class='ocrx_word' id='word_1_344' title='bbox 868 3751 1384 3817; x_wconf 78' lang='lat' dir='ltr'>Putetopcrrbombuaqaereoena.Com-</span> 
     </span>
     <span class='ocr_line' id='line_1_38' title="bbox 246 3831 1385 3897; baseline -0.002 -15"><span class='ocrx_word' id='word_1_345' title='bbox 246 3835 286 3882; x_wconf 79' lang='lat'>65.</span> <span class='ocrx_word' id='word_1_346' title='bbox 312 3831 536 3896; x_wconf 69' lang='grc' dir='ltr'>Δεξάμενοςοῦνὸ</span> <span class='ocrx_word' id='word_1_347' title='bbox 549 3838 650 3897; x_wconf 85' lang='grc' dir='ltr'><em>Καῖσαρ</em></span> <span class='ocrx_word' id='word_1_348' title='bbox 663 3832 793 3895; x_wconf 79' lang='lat' dir='ltr'>(libellum)</span> <span class='ocrx_word' id='word_1_349' title='bbox 835 3840 969 3883; x_wconf 77' lang='lat' dir='ltr'>mentator:</span> <span class='ocrx_word' id='word_1_350' title='bbox 992 3833 1122 3897; x_wconf 70' lang='lat' dir='ltr'>„corrigit</span> <span class='ocrx_word' id='word_1_351' title='bbox 1143 3847 1181 3892; x_wconf 85' lang='lat' dir='ltr'>sc,</span> <span class='ocrx_word' id='word_1_352' title='bbox 1205 3832 1276 3896; x_wconf 81' lang='lat' dir='ltr'>quati</span> <span class='ocrx_word' id='word_1_353' title='bbox 1292 3831 1385 3880; x_wconf 82' lang='lat' dir='ltr'>frustra</span> 
     </span>
     <span class='ocr_line' id='line_1_39' title="bbox 247 3910 1385 3976; baseline 0 -16"><span class='ocrx_word' id='word_1_354' title='bbox 247 3912 395 3976; x_wconf 80' lang='grc' dir='ltr'>ἀναγνῶναι</span> <span class='ocrx_word' id='word_1_355' title='bbox 416 3913 462 3974; x_wconf 82' lang='grc' dir='ltr'>μὲν</span> <span class='ocrx_word' id='word_1_356' title='bbox 481 3910 532 3961; x_wconf 80' lang='grc' dir='ltr'>ὑπὸ</span> <span class='ocrx_word' id='word_1_357' title='bbox 550 3911 668 3972; x_wconf 65' lang='grc' dir='ltr'>πλήθους</span> <span class='ocrx_word' id='word_1_358' title='bbox 685 3915 736 3961; x_wconf 83' lang='grc' dir='ltr'>τῶν</span> <span class='ocrx_word' id='word_1_359' title='bbox 753 3911 795 3959; x_wconf 84' lang='grc' dir='ltr'>ἐν·</span> <span class='ocrx_word' id='word_1_360' title='bbox 834 3919 932 3960; x_wconf 84' lang='lat' dir='ltr'>austros</span> <span class='ocrx_word' id='word_1_361' title='bbox 949 3913 1115 3969; x_wconf 85' lang='lat' dir='ltr'>invocaverit,</span> <span class='ocrx_word' id='word_1_362' title='bbox 1131 3927 1187 3961; x_wconf 88' lang='lat' dir='ltr'>eum</span> <span class='ocrx_word' id='word_1_363' title='bbox 1203 3912 1341 3960; x_wconf 84' lang='lat' dir='ltr'>luxuriosis</span> <span class='ocrx_word' id='word_1_364' title='bbox 1352 3913 1385 3960; x_wconf 85' lang='lat' dir='ltr'>ait</span> 
     </span>
     <span class='ocr_line' id='line_1_40' title="bbox 246 3988 1384 4055; baseline -0.002 -15"><span class='ocrx_word' id='word_1_365' title='bbox 246 3990 430 4054; x_wconf 78' lang='grc' dir='ltr'>τυγχανόντων</span> <span class='ocrx_word' id='word_1_366' title='bbox 452 3990 580 4051; x_wconf 65' lang='grc' dir='ltr'>ἐκωλύθη,</span> <span class='ocrx_word' id='word_1_367' title='bbox 602 3991 693 4055; x_wconf 76' lang='grc' dir='ltr'>καίπερ</span> <span class='ocrx_word' id='word_1_368' title='bbox 716 3988 794 4053; x_wconf 81' lang='grc' dir='ltr'>ὁρμή·</span> <span class='ocrx_word' id='word_1_369' title='bbox 834 4005 934 4039; x_wconf 84' lang='lat' dir='ltr'>necesse</span> <span class='ocrx_word' id='word_1_370' title='bbox 950 4005 1007 4039; x_wconf 87' lang='lat' dir='ltr'>suas</span> <span class='ocrx_word' id='word_1_371' title='bbox 1023 3997 1110 4054; x_wconf 84' lang='lat' dir='ltr'>putere</span> <span class='ocrx_word' id='word_1_372' title='bbox 1130 3989 1216 4054; x_wconf 84' lang='lat' dir='ltr'>epulas</span> <span class='ocrx_word' id='word_1_373' title='bbox 1234 3996 1308 4051; x_wconf 88' lang='lat' dir='ltr'>atque</span> <span class='ocrx_word' id='word_1_374' title='bbox 1325 3990 1384 4038; x_wconf 90' lang='lat' dir='ltr'>deli·</span> 
     </span>
     <span class='ocr_line' id='line_1_41' title="bbox 247 4066 1384 4133; baseline -0.002 -15"><span class='ocrx_word' id='word_1_375' title='bbox 247 4085 296 4124; x_wconf 78' lang='grc' dir='ltr'>σας</span> <span class='ocrx_word' id='word_1_376' title='bbox 314 4066 450 4125; x_wconf 77' lang='grc' dir='ltr'>πολλάκις,</span> <span class='ocrx_word' id='word_1_377' title='bbox 489 4070 539 4118; x_wconf 92' lang='lat' dir='ltr'>Dio</span> <span class='ocrx_word' id='word_1_378' title='bbox 557 4069 625 4120; x_wconf 84' lang='lat' dir='ltr'>Cass.</span> <span class='ocrx_word' id='word_1_379' title='bbox 644 4069 742 4118; x_wconf 84' lang='lat' dir='ltr'>XLIV.</span> <span class='ocrx_word' id='word_1_380' title='bbox 757 4067 794 4118; x_wconf 89' lang='grc'>18.</span> <span class='ocrx_word' id='word_1_381' title='bbox 835 4069 881 4117; x_wconf 82' lang='lat' dir='ltr'>tias</span> <span class='ocrx_word' id='word_1_382' title='bbox 904 4070 1064 4132; x_wconf 86' lang='lat' dir='ltr'>quantumvis</span> <span class='ocrx_word' id='word_1_383' title='bbox 1081 4071 1180 4132; x_wconf 84' lang='lat' dir='ltr'>sapidas</span> <span class='ocrx_word' id='word_1_384' title='bbox 1197 4075 1297 4133; x_wconf 87' lang='lat' dir='ltr'>propter</span> <span class='ocrx_word' id='word_1_385' title='bbox 1313 4069 1384 4117; x_wconf 85' lang='lat' dir='ltr'>satie-</span> 
     </span>
     <span class='ocr_line' id='line_1_42' title="bbox 247 4144 1384 4214; baseline 0 -18"><span class='ocrx_word' id='word_1_386' title='bbox 247 4147 290 4196; x_wconf 73' lang='lat' dir='ltr'>xal</span> <span class='ocrx_word' id='word_1_387' title='bbox 307 4144 415 4208; x_wconf 81' lang='grc' dir='ltr'>βιβλίον</span> <span class='ocrx_word' id='word_1_388' title='bbox 432 4165 457 4195; x_wconf 82' lang='grc' dir='ltr'>τι</span> <span class='ocrx_word' id='word_1_389' title='bbox 475 4147 535 4214; x_wconf 83' lang='grc' dir='ltr'><strong>παρ’</strong></span> <span class='ocrx_word' id='word_1_390' title='bbox 554 4149 633 4198; x_wconf 82' lang='grc' dir='ltr'>αὐτοῦ</span> <span class='ocrx_word' id='word_1_391' title='bbox 650 4147 750 4211; x_wconf 81' lang='grc' dir='ltr'>λαβὼν,</span> <span class='ocrx_word' id='word_1_392' title='bbox 767 4147 795 4196; x_wconf 80' lang='grc' dir='ltr'>ἐν</span> <span class='ocrx_word' id='word_1_393' title='bbox 834 4155 912 4196; x_wconf 85' lang='lat' dir='ltr'>tatem</span> <span class='ocrx_word' id='word_1_394' title='bbox 928 4154 953 4195; x_wconf 83' lang='lat' dir='ltr'>et</span> <span class='ocrx_word' id='word_1_395' title='bbox 966 4147 1129 4196; x_wconf 82' lang='lat' dir='ltr'>affluentiam:</span> <span class='ocrx_word' id='word_1_396' title='bbox 1148 4154 1234 4209; x_wconf 83' lang='lat' dir='ltr'>putei,</span> <span class='ocrx_word' id='word_1_397' title='bbox 1249 4149 1384 4196; x_wconf 87' lang='lat' dir='ltr'>contemni·</span> 
     </span>
     <span class='ocr_line' id='line_1_43' title="bbox 248 4223 1383 4291; baseline 0.003 -18"><span class='ocrx_word' id='word_1_398' title='bbox 248 4223 270 4290; x_wconf 59' lang='lat' dir='ltr'>qi</span> <span class='ocrx_word' id='word_1_399' title='bbox 287 4223 377 4274; x_wconf 79' lang='grc' dir='ltr'>πάντα</span> <span class='ocrx_word' id='word_1_400' title='bbox 395 4227 428 4273; x_wconf 83' lang='grc' dir='ltr'>τὰ</span> <span class='ocrx_word' id='word_1_401' title='bbox 446 4228 512 4291; x_wconf 80' lang='grc' dir='ltr'>πρὸς</span> <span class='ocrx_word' id='word_1_402' title='bbox 529 4229 578 4286; x_wconf 76' lang='grc' dir='ltr'>τὴν</span> <span class='ocrx_word' id='word_1_403' title='bbox 595 4227 708 4276; x_wconf 63' lang='grc' dir='ltr'>ἐπίθεσιν</span> <span class='ocrx_word' id='word_1_404' title='bbox 726 4244 794 4289; x_wconf 86' lang='grc' dir='ltr'>παρ·</span> <span class='ocrx_word' id='word_1_405' title='bbox 835 4232 876 4272; x_wconf 89' lang='lat' dir='ltr'>tur</span> <span class='ocrx_word' id='word_1_406' title='bbox 894 4232 918 4273; x_wconf 86' lang='lat' dir='ltr'>et</span> <span class='ocrx_word' id='word_1_407' title='bbox 935 4225 963 4273; x_wconf 85' lang='lat' dir='ltr'>fit</span> <span class='ocrx_word' id='word_1_408' title='bbox 977 4225 1058 4273; x_wconf 69' lang='lat' dir='ltr'>vilis.“</span> <span class='ocrx_word' id='word_1_409' title='bbox 1075 4227 1109 4274; x_wconf 86' lang='lat' dir='ltr'>Et</span> <span class='ocrx_word' id='word_1_410' title='bbox 1121 4227 1155 4274; x_wconf 84' lang='lat' dir='ltr'>sle</span> <span class='ocrx_word' id='word_1_411' title='bbox 1167 4227 1383 4289; x_wconf 83' lang='lat' dir='ltr'>accepitluvenal.</span> 
     </span>
     <span class='ocr_line' id='line_1_44' title="bbox 248 4301 1384 4371; baseline 0.001 -17"><span class='ocrx_word' id='word_1_412' title='bbox 248 4301 416 4368; x_wconf 74' lang='lat' dir='ltr'>euasvucptvu</span> <span class='ocrx_word' id='word_1_413' title='bbox 424 4303 658 4371; x_wconf 76' lang='grc' dir='ltr'>ἐνεγέγραπτο,οὑκ</span> <span class='ocrx_word' id='word_1_414' title='bbox 670 4303 778 4370; x_wconf 79' lang='grc' dir='ltr'>ἀνέγνω.</span> <span class='ocrx_word' id='word_1_415' title='bbox 836 4304 910 4354; x_wconf 83' lang='lat' dir='ltr'>Satir.</span> <span class='ocrx_word' id='word_1_416' title='bbox 928 4304 978 4352; x_wconf 89' lang='lat' dir='ltr'>XI.</span> <span class='ocrx_word' id='word_1_417' title='bbox 996 4304 1044 4353; x_wconf 74' lang='lat' dir='ltr'>luc</span> <span class='ocrx_word' id='word_1_418' title='bbox 1059 4319 1096 4367; x_wconf 88' lang='lat' dir='ltr'>sq.</span> <span class='ocrx_word' id='word_1_419' title='bbox 1131 4309 1169 4354; x_wconf 78' lang='lat' dir='ltr'>At</span> <span class='ocrx_word' id='word_1_420' title='bbox 1183 4321 1251 4354; x_wconf 72' lang='lat' dir='ltr'>nuris</span> <span class='ocrx_word' id='word_1_421' title='bbox 1261 4308 1384 4356; x_wconf 74' lang='lat' dir='ltr'>diuitibus</span> 
     </span>
     <span class='ocr_line' id='line_1_45' title="bbox 282 4383 1384 4448; baseline 0.004 -18"><span class='ocrx_word' id='word_1_422' title='bbox 282 4383 386 4432; x_wconf 77' lang='lat' dir='ltr'>Ieiunas</span> <span class='ocrx_word' id='word_1_423' title='bbox 394 4399 454 4432; x_wconf 82' lang='lat' dir='ltr'>raro</span> <span class='ocrx_word' id='word_1_424' title='bbox 462 4385 603 4432; x_wconf 80' lang='lat' dir='ltr'>rtonraclma</span> <span class='ocrx_word' id='word_1_425' title='bbox 611 4383 728 4444; x_wconf 69' lang='lat' dir='ltr'>vulparia</span> <span class='ocrx_word' id='word_1_426' title='bbox 737 4387 795 4430; x_wconf 83' lang='lat' dir='ltr'>tem·</span> <span class='ocrx_word' id='word_1_427' title='bbox 836 4385 957 4434; x_wconf 82' lang='lat' dir='ltr'>coenandi</span> <span class='ocrx_word' id='word_1_428' title='bbox 967 4386 1177 4448; x_wconf 78' lang='lat' dir='ltr'>nallaaolaptar,</span> <span class='ocrx_word' id='word_1_429' title='bbox 1201 4387 1249 4434; x_wconf 88' lang='lat' dir='ltr'>Nil</span> <span class='ocrx_word' id='word_1_430' title='bbox 1259 4387 1384 4446; x_wconf 69' lang='lat' dir='ltr'>riccarius,</span> 
     </span>
     <span class='ocr_line' id='line_1_46' title="bbox 249 4461 1381 4528; baseline 0.003 -17"><span class='ocrx_word' id='word_1_431' title='bbox 249 4464 297 4512; x_wconf 78' lang='lat' dir='ltr'>nit.</span> <span class='ocrx_word' id='word_1_432' title='bbox 329 4462 458 4512; x_wconf 82' lang='lat' dir='ltr'>Bentleius</span> <span class='ocrx_word' id='word_1_433' title='bbox 478 4463 509 4511; x_wconf 86' lang='lat' dir='ltr'>de</span> <span class='ocrx_word' id='word_1_434' title='bbox 525 4461 615 4526; x_wconf 82' lang='lat' dir='ltr'>spuriis</span> <span class='ocrx_word' id='word_1_435' title='bbox 632 4461 736 4511; x_wconf 87' lang='lat' dir='ltr'>Horatio</span> <span class='ocrx_word' id='word_1_436' title='bbox 752 4461 796 4510; x_wconf 83' lang='lat' dir='ltr'>ad·</span> <span class='ocrx_word' id='word_1_437' title='bbox 836 4464 874 4512; x_wconf 83' lang='lat' dir='ltr'>nil</span> <span class='ocrx_word' id='word_1_438' title='bbox 891 4465 967 4512; x_wconf 78' lang='lat' dir='ltr'>dorna</span> <span class='ocrx_word' id='word_1_439' title='bbox 982 4464 1064 4526; x_wconf 76' lang='lat' dir='ltr'>rapit:</span> <span class='ocrx_word' id='word_1_440' title='bbox 1084 4471 1175 4528; x_wconf 79' lang='lat' dir='ltr'>putere</span> <span class='ocrx_word' id='word_1_441' title='bbox 1190 4465 1308 4514; x_wconf 80' lang='lat' dir='ltr'>videntur</span> <span class='ocrx_word' id='word_1_442' title='bbox 1330 4467 1381 4514; x_wconf 80' lang='lat' dir='ltr'>Un-</span> 
     </span>
     <span class='ocr_line' id='line_1_47' title="bbox 249 4540 1381 4606; baseline 0.004 -16"><span class='ocrx_word' id='word_1_443' title='bbox 249 4543 316 4590; x_wconf 86' lang='lat' dir='ltr'>icctis</span> <span class='ocrx_word' id='word_1_444' title='bbox 339 4557 426 4605; x_wconf 80' lang='lat' dir='ltr'>parum</span> <span class='ocrx_word' id='word_1_445' title='bbox 447 4541 572 4605; x_wconf 83' lang='lat' dir='ltr'>cogitavit.</span> <span class='ocrx_word' id='word_1_446' title='bbox 606 4540 681 4589; x_wconf 87' lang='lat' dir='ltr'>Hunc</span> <span class='ocrx_word' id='word_1_447' title='bbox 701 4555 798 4604; x_wconf 85' lang='lat' dir='ltr'>quoque</span> <span class='ocrx_word' id='word_1_448' title='bbox 837 4548 943 4604; x_wconf 70' lang='lat' dir='ltr'>pilento,</span> <span class='ocrx_word' id='word_1_449' title='bbox 964 4548 1041 4606; x_wconf 71' lang='lat' dir='ltr'>utque</span> <span class='ocrx_word' id='word_1_450' title='bbox 1056 4558 1142 4604; x_wconf 81' lang='lat' dir='ltr'>rorue,</span> <span class='ocrx_word' id='word_1_451' title='bbox 1161 4547 1226 4595; x_wconf 74' lang='lat' dir='ltr'>lutor</span> <span class='ocrx_word' id='word_1_452' title='bbox 1241 4545 1291 4593; x_wconf 73' lang='lat' dir='ltr'>nisi</span> <span class='ocrx_word' id='word_1_453' title='bbox 1306 4547 1381 4594; x_wconf 75' lang='lat' dir='ltr'>aurti-</span> 
     </span>
    </p>
   </div>
   <div class='ocr_carea' id='block_1_5' title="bbox 0 0 1786 5634">
    <p class='ocr_par' dir='ltr' id='par_1_10' title="bbox 0 0 1786 5634">
     <span class='ocr_line' id='line_1_48' title="bbox 0 0 1786 5634; baseline 0 0"><span class='ocrx_word' id='word_1_454' title='bbox 0 0 1786 5634; x_wconf 95' lang='lat' dir='ltr'> </span> 
     </span>
    </p>
   </div>
  </div>
 </body>
</html>
