3542 5634
667 413 895 523 ‘gaiana
943 433 966 496 ι.

309 609 398 688 Quae
421 630 526 694 neque
549 609 584 673 in
608 611 686 675 aede
710 619 829 678 sonent
852 615 1034 699 certantia,
1059 617 1166 682 iudice
1189 617 1308 699 Tarpa,

306 711 375 775 Nec
397 711 532 776 redeant
554 713 674 783 iterum
697 721 795 801 atque
819 717 938 782 iterum
962 719 1139 805 spectanda
1163 718 1307 784 theatris.

305 817 435 900 Arguta
457 815 624 882 meretrice
647 823 740 901 potes
765 818 922 905 Davoque
947 821 1120 887 Chremeta

260 953 367 1016 Dilcgds
383 955 501 1002 aitruam
518 956 577 1003 dum
594 957 708 1005 describit
724 971 808 1019 quem·
850 961 968 1010 madum
992 963 1020 1009 in
1041 977 1146 1024 aequum
1171 962 1251 1009 locum
1272 960 1399 1006 nunaunt

260 1034 394 1081 admodum
415 1033 551 1096 iuguletur,
573 1035 681 1098 intelligi
702 1036 756 1084 vult
776 1036 808 1084 ab
850 1041 909 1086 ausi
926 1041 1082 1098 descendere,
1099 1044 1201 1102 praeter
1212 1053 1290 1086 unum
1309 1035 1395 1084 Antis·

260 1112 547 1175 ipsopotiusiugulari.“
573 1113 723 1163 Huiusmodi
732 1116 807 1166 Scho-
850 1118 915 1166 tium
935 1119 1100 1180 Turpionem,
1124 1119 1168 1180 qui
1185 1117 1270 1179 fideus
1287 1116 1397 1166 viribus,

260 1190 295 1240 lia
311 1206 356 1240 uos
373 1192 466 1240 iaciunt
488 1193 642 1252 incertiores,
664 1208 739 1257 quam
761 1193 807 1241 iui-
849 1210 881 1242 ea
891 1197 1044 1245 aduersariis
1053 1199 1100 1246 sihi
1108 1212 1195 1260 parem
1203 1209 1254 1243 esse
1265 1194 1394 1247 nerninem,

259 1285 323 1318 mus.
363 1272 520 1320 Recentiores
540 1273 644 1321 ulterim
670 1275 806 1336 progressi,
849 1275 948 1335 optime
964 1277 1049 1338 coepit.
1087 1278 1151 1335 Hie,
1168 1281 1198 1322 ut
1203 1271 1394 1337 serturArhii-

260 1347 300 1396 vel
324 1350 392 1411 Epos
419 1353 592 1413 Aethiopidem
619 1352 806 1414 excogitarunt,
848 1353 881 1400 lis
895 1353 1084 1416 Merunonisque
1093 1366 1255 1416 conpressus,
1269 1352 1302 1409 Q.
1321 1351 1394 1397 Pom·

260 1427 299 1476 vel
316 1429 482 1491 Tragoediam
501 1429 665 1480 Memnonem.
698 1431 807 1480 Difficile
845 1432 919 1492 peius
936 1433 1025 1494 Niper,
1036 1447 1108 1494 eques
1127 1433 1256 1479 Romanus
1273 1428 1394 1476 Italicen-

259 1515 297 1554 est
320 1508 347 1555 iu
368 1509 443 1556 tantis
467 1509 573 1556 tenebris
598 1509 708 1573 aliquam
725 1509 805 1558 lucem
846 1511 891 1567 sis,
913 1525 945 1558 ee
961 1512 1014 1560 ucis
1030 1516 1118 1560 nostra
1139 1510 1173 1557 ad
1189 1508 1393 1570 cmrpredienctum

259 1586 383 1648 dispicere.
416 1587 515 1635 Interea
531 1591 591 1636 duan
607 1589 706 1650 inputat
723 1590 805 1638 Mem·
844 1602 991 1650 propressus
1010 1595 1053 1638 est.
1080 1588 1108 1638 Si
1123 1587 1277 1637 Furiusnon
1290 1584 1394 1633 instituit

258 1680 324 1713 nona
340 1672 365 1712 et
382 1667 443 1714 dum
457 1667 560 1729 definpr't
573 1669 691 1716 Rhenum
702 1669 804 1730 mequi-
846 1667 1054 1728 comparationem
1072 1667 1192 1717 Germani
1207 1665 1290 1713 militis
1307 1663 1393 1712 etRo·

258 1743 315 1790 dem
331 1745 363 1791 ad
379 1759 458 1792 uuum
474 1745 588 1809 idemque
604 1747 672 1808 Epos
689 1748 720 1795 de
732 1747 804 1796 Bello
845 1746 986 1794 manicam
1003 1747 1137 1796 Memnone
1159 1753 1183 1794 et
1204 1744 1315 1800 Achille,
1333 1741 1394 1792 Ger-

259 1820 357 1870 Gullico
373 1824 474 1872 ducunt.
500 1823 599 1873 (tertius
616 1825 742 1889 aliquanto
757 1825 805 1874 hoc
844 1838 948 1872 manum
976 1826 1105 1874 nominare
1139 1825 1218 1888 potuit
1252 1822 1392 1879 Memnona,

258 1914 274 1946 a
289 1900 367 1949 Furio
383 1903 503 1965 scriptum
514 1910 618 1962 constat,
630 1920 706 1967 quam
723 1905 803 1953 Mem·
845 1903 912 1963 quod
928 1903 1009 1964 ipsum
1026 1905 1057 1951 ad
1074 1903 1173 1966 aliquod
1190 1917 1281 1951 nomeu
1290 1901 1393 1951 Germa·

259 1994 326 2027 nona
348 1981 389 2029 vel
405 1982 589 2045 Aethiopidem.
619 1983 735 2031 Fortasse
752 1982 803 2031 Ho
845 1995 907 2028 num
932 1995 992 2030 sono
1007 1982 1107 2031 secedit.
1142 1982 1224 2038 Man,
1242 1995 1311 2036 men,
1327 1980 1395 2037 min,

258 2059 336 2106 ratius
353 2062 458 2108 eundem
478 2061 585 2110 Furium
604 2063 713 2124 respexit
730 2061 803 2111 Satir.
845 2061 871 2107 iu
888 2060 973 2109 multis
991 2061 1099 2125 antiquis
1116 2059 1208 2123 linguis
1225 2057 1394 2119 uirumsigui·

257 2136 293 2184 11.
310 2151 328 2185 1.
347 2140 385 2188 13.
401 2156 478 2202 neque
493 2143 559 2190 enim
577 2142 659 2204 quiete
676 2144 804 2191 horrentia
845 2137 911 2186 iicat.
929 2137 1011 2200 Quam
1022 2139 1072 2188 late
1089 2145 1172 2201 pateat
1188 2139 1215 2186 in
1231 2137 1318 2200 lingua
1332 2135 1394 2186 Ger-

255 2217 318 2278 pilis
351 2220 469 2280 Apri-ina,
493 2235 537 2268 nee
554 2220 649 2282 fracta
671 2227 804 2282 pereuntes
844 2232 990 2275 manorum,
1013 2220 1098 2282 quiet
1115 2215 1321 2266 Murmumiuter
1337 2229 1394 2263 con-

257 2296 803 2362 cuspideGaIIos—cteseribct,quasidixis·
845 2298 936 2346 ditores
969 2313 1028 2347 suaa
1059 2299 1138 2361 gentis
1163 2296 1297 2353 celebrant,
1320 2309 1394 2343 nemo

257 2375 498 2436 settrllpinuscerte
506 2377 579 2438 poeta
588 2391 638 2424 non
646 2377 708 2426 bene
716 2378 804 2426 descri-
845 2377 952 2438 ignorat.
994 2378 1062 2426 Hinc
1091 2375 1202 2437 Alauna,
1233 2373 1327 2423 Menno
1368 2381 1393 2422 et

257 2452 307 2512 bit;
332 2461 372 2510 et,
393 2455 414 2502 si
430 2456 497 2503 haud
518 2455 605 2504 melius
622 2471 736 2519 possum,
753 2472 804 2506 uon
845 2457 925 2505 multa
940 2457 967 2505 in
983 2455 1122 2519 compositis
1140 2455 1270 2503 homiuum
1287 2460 1313 2501 et
1329 2452 1392 2501 locc-

256 2532 337 2580 facere
353 2541 469 2595 praestat.
503 2535 622 2583 Horatius
644 2535 717 2584 istam
741 2535 803 2585 Sati·
845 2549 903 2584 rum
919 2535 1068 2586 nominibus.

256 2625 311 2658 ram
327 2613 395 2660 misit
412 2613 540 2662 Trebatio:
558 2614 689 2663 Trebatius
704 2616 751 2664 fuit
764 2630 803 2664 co·
878 2619 981 2678 Arputa
997 2615 1127 2664 meretrice
1145 2618 1225 2675 potes.
1257 2609 1392 2660 Horkelius

256 2704 309 2738 mes
335 2689 449 2739 Caesaris
474 2692 501 2739 in
525 2692 588 2741 bello
613 2693 718 2743 Galhco.
753 2695 803 2743 Ne·
845 2693 928 2742 locum
944 2695 979 2744 ita
996 2694 1273 2755 emendandumputat:
1292 2690 1393 2752 Arputu

256 2783 305 2832 que
322 2768 375 2828 illi,
401 2772 486 2829 credo,
512 2772 624 2834 placebat
646 2774 715 2835 Epos
732 2774 804 2822 Furii
845 2777 976 2823 meretrice
997 2775 1083 2835 places
1108 2773 1230 2833 Davoque
1260 2769 1394 2817 Chremeta

256 2847 377 2906 Bibaculi,
385 2863 464 2912 uequc
473 2849 574 2899 Caesari
583 2851 708 2913 Augusto,
717 2867 802 2914 quam-
846 2851 974 2899 Eludente
997 2866 1093 2908 senem,
1118 2850 1191 2898 contis
1215 2849 1327 2910 garrire,
1349 2861 1392 2908 po·

256 2940 331 2988 quem
349 2926 452 2974 fortasse
467 2927 710 2977 multadelaudibus
722 2937 803 2978 esseut
843 2931 909 2990 pello
947 2933 1018 2978 Unus
1035 2931 1164 2983 virorum,
1183 2927 1316 2983 Fundani,
1332 2925 1391 2974 Nou

256 3005 385 3060 immixta,
412 3019 473 3067 quas
498 3006 539 3052 hic
563 3020 661 3069 quoque
686 3007 712 3055 iu
729 3008 802 3057 rebus
845 3007 926 3069 magis
942 3007 1029 3055 laudat
1046 3008 1147 3066 purrire
1163 3006 1268 3062 libellos,
1284 3005 1391 3066 quamsi

256 3082 360 3132 Gallicis
377 3083 467 3130 mereri
484 3083 611 3132 diceretur.
645 3084 738 3133 Furius
759 3087 802 3148 igi-
845 3084 901 3147 quis
927 3085 1018 3133 diceret
1034 3082 1173 3144 Virgilium
1197 3096 1248 3130 uon
1264 3098 1338 3130 arura
1355 3085 1390 3130 ci·

255 3170 297 3210 tur
313 3161 339 3208 in
356 3161 441 3208 eodem
458 3163 566 3210 carmine
582 3163 706 3226 iugulavit
722 3164 802 3212 Mem·
843 3179 949 3226 runrque
965 3165 1095 3221 cecinisse,
1117 3162 1160 3210 sed
1186 3163 1259 3209 libros
1275 3161 1391 3210 remisisse

255 3256 324 3290 noua
347 3248 372 3289 et
389 3241 471 3290 Rheni
488 3250 563 3306 caput
579 3242 673 3291 luteum
690 3242 802 3292 defluxit.
843 3244 873 3290 de
891 3242 986 3291 Aenea.

288 3319 368 3368 Iulius
386 3319 478 3370 Cacsar
502 3322 582 3370 multu
598 3321 693 3384 proelia
717 3329 803 3370 contra
876 3321 942 3370 Mihi
970 3321 996 3369 iu
1020 3325 1129 3368 mentem
1146 3317 1226 3366 venit:
1244 3324 1337 3380 urputa
1361 3321 1389 3366 in

255 3398 393 3448 Germanos
404 3403 531 3463 pugnavit.
549 3401 581 3449 Iu
590 3416 641 3449 uuo
653 3401 801 3460 Germanus,
843 3402 973 3448 romanice
994 3403 1066 3460 potes
1099 3399 1221 3458 Dauoque
1256 3395 1390 3446 Chremeta

256 3479 322 3540 quod
338 3480 411 3541 poeta
432 3479 513 3537 finxit,
530 3487 717 3542 quemquamst
732 3479 803 3530 facile
843 3478 973 3526 Eludeute
996 3492 1077 3526 senem
1102 3477 1165 3525 conti
1181 3478 1282 3537 parrire
1294 3476 1389 3524 labello.
1434 3500 1438 3510 =

256 3557 310 3605 fieri
331 3558 450 3621 potuerit,
467 3565 496 3606 ut
519 3558 607 3606 multis
625 3559 745 3622 exemphs
761 3561 802 3608 dc
843 3559 879 3606 In
896 3558 1025 3606 nrmetrice
1040 3561 1065 3605 et
1081 3557 1174 3614 Duco,
1196 3554 1223 3602 iu
1239 3569 1344 3618 persons
1361 3553 1388 3602 il·

255 3651 347 3695 cemur,
364 3638 504 3688 Germanus
521 3637 598 3699 igitur
612 3638 753 3686 Romanum
770 3640 801 3687 ad
842 3635 939 3695 lorum,
968 3635 994 3683 in
1020 3627 1129 3698 partibus
1152 3633 1251 3682 illorum
1267 3635 1391 3692 tutandis,

254 3723 379 3765 certamen
395 3716 521 3778 singulare
537 3717 685 3779 provocarit.
710 3717 802 3766 Furius
843 3716 878 3764 ita
895 3723 923 3765 ut
943 3715 1024 3764 omnis
1050 3716 1130 3764 oratio
1150 3713 1250 3763 mulieri
1275 3723 1299 3764 et
1315 3729 1388 3764 servo

254 3801 379 3844 certamen
407 3796 489 3858 inepte
510 3802 535 3843 et
558 3795 658 3844 ridicule
682 3797 801 3858 depinxit.
842 3795 981 3843 conveniat.
1008 3793 1088 3857 Epist.
1105 3794 1141 3842 ΙΙ.
1159 3795 1248 3846 1.173.
1269 3796 1389 3853 Quantus

255 3872 399 3922 Certamina
427 3874 564 3936 singularia
592 3875 618 3922 in
647 3874 715 3922 bellis
741 3876 801 3924 olim
841 3876 879 3922 sit
900 3877 1044 3923 Dossennus
1066 3875 1181 3922 edredus
1207 3875 1235 3921 in
1254 3875 1389 3936 parasitis.

255 3957 326 3999 eraut
342 3951 632 4015 frequentia,utprivsta
648 3961 745 4012 nostra,
758 3955 801 4002 hc
842 3951 916 4002 Ovid.
934 3953 1036 4002 Remed.
1053 3953 1087 4001 A.
1099 3953 1156 4001 383.
1175 3955 1277 4009 Pectat,
1293 3952 1321 4000 in
1336 3955 1389 3999 An·

255 4030 322 4078 nous
339 4031 480 4079 vindicandi
495 4045 594 4090 caussa,
616 4047 718 4096 prorsus
733 4034 799 4081 incc-
842 4033 973 4080 monsuehe
985 4033 1087 4080 Thaida
1098 4033 1121 4078 si
1133 4033 1266 4093 quisuput.
1288 4031 1395 4079 Funda-

256 4111 332 4172 guita.
376 4110 463 4158 Unum
487 4124 519 4158 ex
551 4112 722 4174 antiquissimis
738 4120 801 4160 ⁴erat
841 4110 898 4158 nius
912 4110 939 4156 iu
955 4109 994 4157 his
1010 4107 1173 4156 describendis
1190 4121 1254 4154 unsis
1272 4107 1387 4155 vivorum

255 4187 396 4236 Memnonis
413 4203 469 4236 cum
486 4188 597 4246 Achille,
614 4191 724 4253 adeoque
740 4191 800 4240 eele—
841 4196 921 4252 potest
938 4187 1046 4252 garrire,
1068 4193 1093 4235 et
1113 4185 1209 4248 garrire
1230 4185 1338 4234 suaviter
1364 4192 1388 4233 et

255 4267 367 4326 bratum,
389 4275 417 4316 ut
438 4268 489 4316 fere
509 4267 634 4329 proverbii
653 4269 706 4317 loco
726 4270 800 4319 habe·
841 4268 951 4317 comiter.
977 4266 1082 4329 Proprie
1106 4266 1159 4328 ipse
1178 4264 1324 4313 Fundanius
1350 4271 1388 4312 est

255 4353 331 4395 retur.
365 4347 462 4395 Auctor
477 4347 576 4411 quidem
592 4346 657 4395 Belli
673 4348 743 4411 Hisp.
759 4350 800 4398 25.
841 4350 925 4408 comis,
938 4355 966 4394 ut
975 4348 1048 4396 contis
1064 4345 1176 4395 Lucilius
1194 4358 1230 4392 vs.
1242 4344 1281 4392 53.
1295 4343 1388 4392 Possm

257 4425 306 4473 Ilii
332 4431 415 4474 tumen
438 4428 527 4488 motui
551 4426 626 4474 duhio
651 4429 685 4474 od
700 4442 799 4490 cmpre-
819 4493 823 4512 ι
842 4427 949 4489 epitheta
957 4426 992 4475 sie
1008 4423 1141 4474 transferre
1152 4431 1249 4482 emaum
1267 4431 1294 4471 ut
1311 4425 1388 4486 loqui·

1237 4505 1255 4566 t
