3542 5634
638 533 820 600 LIBER
867 539 910 603 ll.

249 710 391 777 Gemitus
415 713 499 796 fuit,
524 737 566 778 an
590 724 769 785 commotae
792 722 926 790 erimine
950 728 1069 792 mentis

248 814 406 882 Absolves
429 817 595 884 hominem
618 827 651 886 et
676 823 804 888 sceleris
828 826 998 894 damnabis
1021 831 1188 913 eumdem,

248 915 299 981 Ex
322 941 409 984 more
432 921 603 1006 imponens
627 931 766 1010 cognate
787 930 946 996 vocabula
967 933 1084 998 rebus?

248 1018 433 1088 libertinus
458 1032 542 1108 eret,
568 1026 624 1110 qui
647 1027 769 1092 circum
792 1033 936 1117 compita
958 1035 1062 1102 siccus

248 1122 362 1190 Lautis
385 1148 481 1192 mene
505 1150 605 1194 senex
627 1131 779 1198 menibus
803 1137 968 1220 currebat,
992 1144 1043 1221 et,
1068 1162 1194 1222 „unum

249 1226 335 1305 Quid
358 1235 426 1294 tem
449 1253 606 1316 magnum
614 1235 651 1297 ?“
675 1235 814 1320 addens,
840 1263 967 1322 „unum
987 1265 1040 1308 me
1064 1243 1188 1328 surpite
1210 1245 1327 1310 morti!

206 1364 305 1424 inquom
328 1369 363 1416 ite
379 1369 502 1420 interdum
523 1373 631 1435 ponitur,
656 1381 685 1422 nt
700 1388 743 1422 ex·
783 1372 829 1420 lius
846 1372 939 1420 iudicet
955 1372 1107 1431 coniungere
1132 1385 1163 1418 ec
1179 1385 1246 1419 mere
1259 1373 1329 1419 dum·

205 1441 334 1505 plicendis,
362 1456 405 1498 eut
429 1453 598 1500 connectendis
625 1453 654 1501 iis
681 1469 743 1517 quae
783 1455 868 1512 nabis,
884 1466 959 1516 quem
975 1466 1006 1498 ee
1015 1451 1269 1512 moreimponem‚et
1282 1453 1328 1499 im·

205 1526 361 1587 antecedunt,
378 1529 509 1589 inserviat,
526 1531 677 1580 necmultum
700 1532 744 1581 dis·
783 1547 876 1594 ponens
897 1531 1006 1593 occipere
1028 1536 1157 1592 tamquam
1178 1529 1327 1592 epexegesin

205 1602 265 1652 ieret
281 1605 312 1653 eb
327 1611 427 1668 scilicet,
444 1626 545 1673 nempe,
561 1613 629 1660 verbi
642 1627 743 1670 camec,
784 1610 918 1660 verborum
935 1626 966 1660 ee
983 1624 1057 1657 mere.

205 1691 275 1743 prout
308 1689 430 1737 sententie
455 1689 568 1752 postulet.
602 1691 743 1740 Meinekius
822 1690 894 1749 Quid
909 1696 962 1738 tam
978 1686 1328 1751 metamaucensem

205 1774 235 1808 ex
260 1765 399 1815 coniectura
426 1766 509 1816 Caroli
529 1770 635 1818 Frenkii
655 1771 743 1820 edidit:
785 1785 822 1817 nte
838 1770 936 1829 surpite
955 1768 1038 1815 morti.
1071 1764 1112 1813 Ite
1136 1765 1162 1812 in
1185 1764 1327 1813 melioribus

205 1847 278 1904 atque
290 1845 373 1905 ionem
389 1847 472 1908 plodio
487 1855 604 1897 scrutare
617 1852 702 1908 modo,
716 1852 744 1898 in
785 1845 860 1897 MSS.
874 1847 942 1897 Olim
950 1845 1067 1894 edebatur
1076 1845 1196 1906 quiddam
1202 1859 1327 1906 ιιιαφιιιιιι.

204 1936 272 1982 quiem
293 1925 402 1973 Hellade
420 1940 539 1986 pereussa
559 1928 664 1976 Marios
688 1943 744 1976 cum
785 1925 914 1974 Bentleius
930 1923 1048 1987 explicet:
1072 1936 1122 1970 non
1138 1937 1257 1985 magnam
1273 1938 1327 1972 rem

203 2003 358 2063 praecipitat
371 2017 403 2050 ce.
421 2003 522 2062 Voluit,
536 2006 619 2053 credo:
636 2013 744 2056 scrutere
783 2004 891 2065 postulo,
908 2011 936 2052 Ui
952 2018 1030 2050 mlum
1047 2001 1135 2049 “lilim
1152 2015 1184 2049 ⁰¹
1206 2009 1243 2050 ⁸⁰¹⁵
1264 2002 1326 2050 mffi·

204 2077 283 2139 ignem
301 2096 331 2128 eo
347 2084 433 2141 modo,
450 2092 629 2146 quoscrutetus
641 2093 678 2134 est
689 2087 743 2135 Me·

204 2157 266 2217 rins,
279 2174 337 2208 curn
353 2175 380 2209 se
396 2161 501 2212 Hellade
522 2178 636 2226 percusse
653 2167 743 2228 preeci·

204 2236 270 2298 pitet.
306 2239 420 2289 Pulchre.

233 2317 385 2367 Doderlinus
399 2327 469 2382 putet
478 2321 600 2384 Vogtium
611 2322 685 2372 inisse
695 2324 742 2386 pri-

203 2408 283 2454 mum,
301 2399 343 2459 qui
360 2406 425 2448 recte
435 2401 610 2465 interpretetus
621 2402 666 2451 sit:
682 2404 742 2451 Per·

205 2474 281 2524 fodies
299 2477 400 2541 insuper
418 2479 499 2542 gladio
515 2481 607 2544 ignem,
625 2497 742 2541 amorem,

203 2555 305 2604 emicem
322 2563 391 2605 tuem
409 2559 501 2620 gledio,
517 2568 544 2607 ut
562 2560 659 2609 Marius
677 2561 743 2621 fecit,

202 2633 236 2681 ite
251 2636 340 2684 modus
357 2635 446 2685 furoris
462 2639 509 2687 erit
526 2640 650 2702 impletus.
672 2642 742 2690 Idem

202 2711 305 2762 Frenkii
322 2717 518 2766 emendationem
529 2720 619 2782 recepit
635 2723 662 2770 in
672 2736 742 2783 quem

202 2808 244 2855 pro
261 2796 344 2859 inepto
361 2799 471 2860 inquere.
740 2853 742 2858 ¹

235 2876 349 2938 Copnota
366 2879 485 2925 vocabula
502 2880 581 2927 rebus.
608 2879 742 2928 Horkelius

201 2951 312 3015 legebat:
330 2969 378 3003 non
395 2960 465 3003 neta.
500 2954 641 3004 Meinekius
658 2957 741 3005 edidit.

202 3031 299 3081 Rectius
316 3038 377 3095 puto
393 3039 509 3094 commta,
531 3034 577 3081 hoc
593 3041 644 3091 est,
667 3035 741 3082 inter·

201 3120 268 3172 prete
286 3110 437 3167 scholiasta,
454 3113 555 3160 diversa
571 3116 682 3175 quidem,
698 3115 743 3162 eed

199 3206 247 3240 non
273 3193 382 3238 multum
406 3192 474 3239 inter
494 3206 520 3239 ee
536 3193 669 3240 distantia.
699 3192 741 3243 ste

201 3278 235 3318 est
252 3269 403 3318 consuetudo
412 3269 531 3332 vulgaris.
565 3271 741 3322 Beneuentum

201 3364 227 3398 ec
248 3365 299 3399 non
320 3349 446 3398 incentum
468 3357 539 3398 vocet
552 3350 646 3412 fictum
662 3358 687 3400 et
704 3369 741 3402 es-

201 3436 295 3488 tatem,
312 3437 340 3478 nt
358 3429 431 3480 Setir.
449 3430 470 3478 1.
486 3443 526 3477 111.
544 3430 582 3477 61,
605 3431 740 3492 simplicem

201 3518 270 3558 vocet
291 3524 365 3558 centu
390 3510 513 3557 cornmuni
538 3515 670 3558 carentem.
708 3510 741 3558 In

201 3590 311 3638 omnibus
333 3589 385 3637 istis
406 3588 514 3636 cernitur
538 3586 638 3651 aliquod
656 3589 739 3638 vincu-

200 3667 265 3726 lum,
276 3669 403 3733 cognatm,
413 3673 471 3716 sunt
483 3666 578 3726 vicine,
588 3671 741 3732 propinqua,

195 3748 323 3808 finitima,
360 3750 489 3811 appositu¹
523 3754 551 3795 ut
578 3746 739 3810 appellantur.

201 3824 304 3886 Quintil.
317 3827 353 3877 11.
362 3827 436 3876 111.AE
461 3827 512 3874 Est
526 3829 647 3888 quaedum
659 3829 740 3877 cirtu-

202 3910 254 3955 tcm
272 3908 438 3970 vitiorumque
453 3907 559 3963 iccium,
575 3922 625 3969 quc
640 3906 740 3955 meledi-

202 3997 241 4032 cus
261 4001 311 4048 pro
326 3985 415 4043 libero,
440 3987 585 4034 temerarius
606 4003 654 4049 pro
670 3986 740 4045 sorti,

784 2082 829 2131 bus
846 2083 920 2131 morti
937 2081 1052 2144 eripiatis.
1069 2079 1148 2128 Vobis
1164 2088 1243 2140 certe,
1260 2082 1328 2138 th,

784 2159 830 2209 hoc
845 2161 912 2209 fectu
928 2160 1071 2208 facillimum
1088 2167 1133 2208 est.
1150 2160 1226 2208 Recte
1243 2168 1327 2208 eutem

784 2239 909 2288 Gesnerus
926 2238 1106 2297 animadvertit,
1115 2238 1264 2287 sententiam
1273 2255 1327 2288 mu·

783 2333 830 2366 nus
847 2317 1003 2368 extenuantis
1029 2317 1079 2365 iem
1101 2318 1181 2366 inesse
1202 2317 1229 2365 in
1245 2318 1327 2368 verbis

784 2398 836 2448 nn
852 2401 943 2448 etenim
953 2398 1036 2460 facile
1047 2403 1098 2446 eet:
1115 2411 1194 2460 neque
1207 2397 1327 2447 Flaccum

783 2491 836 2526 esse
852 2491 982 2539 nugacem.
1014 2477 1149 2525 Praeterea
1167 2475 1228 2524 illud
1244 2480 1275 2526 de
1290 2484 1328 2527 tot

783 2557 899 2615 milibus,
930 2556 996 2618 quod
1028 2554 1155 2604 Bentleius
1189 2555 1327 2619 explicandi

782 2648 869 2684 mussa
885 2636 997 2699 apponit,
1017 2634 1106 2684 melius
1126 2635 1157 2682 eb
1178 2637 1231 2699 ipso
1255 2638 1328 2700 poete

782 2725 845 2766 esset
862 2717 987 2766 edditum:
1000 2731 1066 2764 nunc
1082 2730 1133 2765 non
1148 2716 1202 2765 eine
1219 2716 1244 2764 vi
1261 2732 1322 2780 qne·

782 2794 839 2843 dem
856 2810 889 2844 ex
905 2811 980 2846 versu
996 2804 1131 2860 torquetur.
1148 2799 1251 2846 Addene
1267 2812 1326 2861 quo·

781 2889 829 2936 que
845 2875 1050 2937 significationem
1072 2877 1146 2925 hebet
1162 2892 1252 2940 perum
1274 2892 1325 2927 cer·

782 2959 840 3010 tem,
858 2955 995 3018 rectiusque
1006 2956 1150 3004 conveniret
1161 2956 1232 3004 elteri
1242 2956 1325 3005 lectio·

781 3031 807 3078 ni
828 3033 956 3090 Quiddom
978 3050 1095 3095 mentium
1117 3036 1218 3083 addetis.
1252 3034 1324 3095 Quod

782 3108 862 3170 ipsum
879 3116 962 3159 temen
978 3113 1101 3174 quomodo
1123 3119 1187 3161 esset
1208 3115 1324 3176 accipien-

781 3188 848 3247 dum,
865 3203 939 3238 nemo
961 3191 1117 3239 divinaverit.
1150 3191 1219 3253 Ergo
1240 3193 1273 3240 ed
1288 3207 1325 3241 so·

780 3266 887 3317 lemnem
897 3268 1005 3331 aliquem
1017 3270 1221 3333 exsecrationem,
1233 3270 1325 3320 formu·

780 3349 830 3408 les,
847 3350 949 3398 nomine
964 3350 1089 3407 Deorum,
1106 3349 1154 3397 elie
1170 3349 1323 3413 confugiunt.

781 3428 901 3478 Ocniicio:
927 3446 1016 3490 ιιιιιιιιι,
1050 3428 1102 3477 Dte
1126 3430 1217 3477 etenim
1242 3430 1325 3493 facile

780 3514 826 3566 eet,
843 3523 930 3566 unum,
946 3522 986 3556 me
1002 3508 1095 3570 surpite
1106 3507 1189 3565 morti,
1212 3507 1262 3557 Cui
1272 3517 1324 3559 tem

780 3601 913 3650 magnum,
924 3589 1023 3643 aridem
1032 3589 1128 3636 motat.
1144 3586 1227 3638 Senex
1238 3602 1324 3646 unum,

780 3681 858 3716 unum
876 3667 922 3715 hoc
937 3667 1031 3725 orebet,
1048 3668 1113 3730 quod
1129 3666 1187 3716 Diis
1203 3676 1268 3717 esset
1289 3669 1323 3717 fe·

781 3745 833 3805 cile,
850 3763 887 3796 me
907 3749 1032 3810 corripite
1048 3749 1138 3796 intorti:
1161 3754 1185 3796 et
1206 3748 1323 3807 eddebet,

781 3828 893 3874 cultam
910 3843 1027 3889 moenum
1043 3828 1096 3875 eit!
1125 3827 1221 3876 Versus
1243 3828 1324 3877 Theo·

781 3906 885 3967 gnideus
902 3906 1008 3955 Horatio
1025 3912 1082 3954 ente
1098 3906 1181 3955 oculos
1198 3907 1271 3956 fuisse
1288 3908 1324 3954 vi·

782 3986 868 4034 detur:
891 3984 992 4050 Ἀρτεμι
1017 3985 1141 4048 θηροφόνε
1157 4013 1189 4020 -
1214 3984 1323 4050 Εὐχομέ-

202 4062 292 4111 effusus
315 4077 361 4126 pro
383 4065 478 4128 copioso
502 4067 634 4128 accipitur.
667 4066 741 4115 Talia
782 4081 820 4127 νῳ
836 4083 879 4128 μοι
905 4064 994 4125 κλῦθι,
1019 4065 1101 4122 κακὰς
1126 4062 1217 4112 tert
1246 4067 1324 4127 κῆρας

202 4143 279 4192 multa
303 4143 387 4192 attulit
404 4143 472 4194 cort.
490 4146 521 4192 ed
539 4144 640 4194 Sallust.
666 4145 740 4196 Catil.
783 4143 887 4192 ἄλαλκε.
905 4144 948 4191 Σοὶ
964 4144 1011 4206 μὲν
1028 4144 1118 4203 τοῦτο,
1131 4143 1193 4203 θεὰ,
1211 4144 1322 4206 σμικρὸν,

204 4221 241 4272 52.
272 4222 328 4272 Sint
347 4223 424 4286 igitur
449 4223 570 4272 vocabule
594 4239 644 4273 non
669 4239 741 4283 vere,
783 4222 836 4286 ἐμοὶ
854 4220 879 4270 δὲ
895 4219 968 4286 μέγα.
996 4222 1030 4269 Et
1040 4221 1122 4283 facite
1142 4221 1200 4269 huic
1215 4221 1252 4269 rei
1267 4236 1323 4284 pro-

204 4301 251 4350 sint
274 4301 350 4361 felse,
366 4303 388 4350 si
404 4302 518 4351 dicuntur
535 4305 608 4352 rebus
632 4319 681 4353 nen
697 4320 741 4352 na-

205 4387 246 4438 tu,
272 4383 387 4431 viciniam
408 4385 486 4446 maome
508 4383 650 4440 excludunt,
668 4399 741 4448 quem

205 4473 255 4508 mos
277 4462 374 4523 petitur.

235 4541 384 4591 Doderlinus
402 4549 506 4606 coenata
522 4543 636 4602 defendit,
654 4551 677 4592 et
693 4559 742 4593 me-

782 4301 872 4364 prium.
905 4301 960 4349 lem
977 4300 1113 4348 Homerus:
1131 4298 1186 4364 ῥεῖα
1201 4301 1248 4364 γὰρ
1261 4300 1324 4349 ὥστε

782 4383 849 4440 θεός.
882 4380 988 4430 Plautus
1004 4380 1133 4443 Amphitr.
1149 4379 1251 4442 Prolog.
1269 4381 1324 4430 139.

776 4461 860 4524 focile
876 4475 945 4508 mm
971 4465 1059 4522 pater,
1079 4460 1145 4521 quod
1160 4461 1228 4515 volt,
1245 4459 1324 4523 facit.

784 4541 856 4591 Ovid.
881 4540 956 4598 Quod
966 4540 1051 4601 superi
1067 4539 1178 4595 volnere,
1194 4545 1324 4599 peracttnn

1171 4619 1190 4679 9
