3542 5634
685 499 867 563 LIBER
913 500 937 562 l.

287 686 411 749 Multos
441 706 536 770 saepe
560 685 646 749 viros
670 685 772 750 nullis
795 685 971 750 maioribus
993 691 1080 750 ortos

286 788 331 852 ut
354 787 476 853 vixisse
497 789 631 872 probos,
656 787 775 873 amplis
800 794 833 853 et
853 787 1032 852 honoribus
1057 792 1184 864 auctos;

287 891 409 958 Contra
433 891 628 974 Laevinum,
651 891 762 957 Valeri
784 913 909 977 genus,
934 893 1021 957 unde
1045 891 1208 976 Superbus

284 993 478 1078 Tarquinius
507 1016 608 1079 regno
629 995 745 1080 pulsus
768 995 873 1080 fugit,
906 995 1003 1060 unius
1026 995 1109 1060 assis

285 1095 361 1160 Non
381 1117 540 1181 umquam
563 1097 669 1182 pretio
686 1097 790 1182 pluris
814 1097 963 1180 licuisse,
989 1103 1125 1163 notante

288 1198 415 1282 Iudice,
440 1221 504 1284 quo
527 1199 633 1283 nosti,
660 1200 801 1286 populo,
822 1201 878 1286 qui
902 1201 1024 1266 stultus
1051 1201 1188 1266 honores

287 1300 389 1386 Saepe
409 1302 467 1367 dat
490 1302 637 1389 indignis
661 1308 694 1369 et
713 1303 821 1369 famae
843 1303 945 1369 servit
968 1303 1118 1389 ineptus,

286 1404 350 1483 oui
372 1410 485 1490 stupet
505 1405 540 1470 in
565 1405 673 1472 titulis
696 1412 730 1472 et
755 1405 966 1492 imaginibus.
1015 1405 1101 1486 Quid
1123 1410 1251 1492 oportet

285 1506 353 1572 Nos
377 1506 500 1592 iacere,
524 1531 545 1574 a
565 1509 665 1595 vulgo
688 1510 787 1595 longe
809 1510 971 1595 longeque
992 1511 1158 1576 remotos?

285 1609 436 1696 Namque
458 1616 548 1696 esto,
573 1613 715 1698 populus
738 1613 881 1680 Laevino
905 1613 1020 1680 mallet
1039 1613 1194 1678 honorem
1263 1649 1267 1656 ·

240 1805 409 1854 Romanorum
426 1819 496 1868 reges
517 1805 606 1865 fuisse,
627 1819 733 1869 quorum
755 1806 788 1853 al·
829 1805 959 1869 praesenti.
993 1807 1059 1856 Nam
1076 1807 1103 1854 in
1120 1805 1167 1854 illis
1185 1811 1299 1854 narratur
1313 1805 1378 1867 quod

241 1890 279 1931 ter
294 1890 395 1946 putrem
412 1901 461 1933 non
482 1887 569 1944 hahet,
591 1885 654 1934 alter
675 1891 788 1934 oratrmn.
829 1885 906 1934 semel
923 1892 947 1934 et
963 1887 1016 1949 ipso
1033 1885 1207 1934 illomomento
1224 1883 1322 1931 accidit:
1338 1882 1379 1930 hic

240 1963 360 2011 Horatius
377 1978 414 2013 vs.
431 1965 470 2012 36.
488 1965 586 2012 eosdem
603 1978 674 2026 reges
685 1963 788 2026 cogitat:
830 1966 896 2026 quod
912 1972 969 2014 ante
994 1965 1092 2014 saecula
1108 1965 1209 2022 accidit,
1226 1973 1301 2026 atque
1318 1963 1378 2010 adeo

244 2043 302 2101 Quo
315 2044 534 2105 potrecitnctnc,
544 2059 605 2092 num
614 2047 700 2106 mnata
709 2049 791 2091 nratre
829 2045 978 2107 exprimitur
994 2060 1039 2108 per
1055 2052 1152 2107 tempus
1168 2042 1378 2106 praeteriremus

241 2126 395 2172 inhonestus.
414 2124 515 2185 Quanto
523 2125 599 2188 igitur
608 2123 712 2173 nobilior
720 2125 789 2172 Mae·
829 2123 856 2170 in
873 2122 992 2186 Virgilio:
1011 2127 1094 2173 Fanza
1104 2127 1172 2173 volut
1183 2122 1378 2186 pulcancrepaic

240 2218 327 2261 cenas,
350 2204 390 2252 cui
414 2205 464 2252 iam
485 2220 549 2254 ovas
565 2210 696 2253 nesterone
713 2209 791 2267 atquc
830 2204 927 2252 cessisse
941 2205 1059 2265 paternis
1076 2205 1224 2262 Idomenea3
1241 2207 1266 2248 et
1287 2199 1314 2247 in
1330 2198 1377 2249 Ca-

239 2289 365 2344 paternus
382 2282 475 2331 fuerint
491 2282 596 2332 nobiles!
830 2281 937 2330 talectis:
957 2281 1038 2330 Caius
1054 2289 1079 2332 et
1094 2285 1124 2330 oh
1140 2288 1246 2344 ruptam
1262 2281 1331 2344 pulsi
1347 2281 1377 2327 li·

279 2364 352 2411 Umla
369 2365 496 2426 Superbus
532 2364 690 2426 Tarquinius
715 2377 790 2424 reone
830 2375 905 2425 querc
925 2364 1035 2411 Percotes
1076 2363 1214 2424 Tarquinii
1232 2362 1333 2421 patrios
1342 2358 1378 2420 fi·

240 2442 333 2503 pulsus
342 2442 425 2505 sapit.
458 2442 498 2490 Ita
519 2442 646 2491 Bentleius
663 2457 696 2490 ex
712 2439 789 2491 MSS.
831 2441 879 2489 lius
898 2447 974 2504 atque
998 2447 1079 2503 poter.
1117 2440 1168 2490 Ubi
1184 2453 1234 2487 non
1259 2437 1378 2486 Latinum

240 2532 299 2566 cum
316 2519 393 2582 vulgo
410 2520 524 2568 ederetur
533 2522 602 2581 fuit,
614 2522 680 2584 quod
693 2526 746 2568 erat
763 2519 790 2567 in
831 2527 895 2568 essct
911 2521 995 2570 cedere
1011 2534 1057 2570 nec
1074 2522 1205 2582 linquant,
1227 2518 1323 2576 etiamsi
1340 2533 1377 2567 ce·

241 2598 298 2646 aliis
314 2598 390 2649 MSS.
413 2598 535 2649 Credebat
555 2600 602 2648 hoc
618 2598 699 2646 solum
715 2597 788 2646 libra·
831 2601 889 2648 dere
905 2607 1001 2662 tempus
1018 2597 1189 2662 imperfectum
1205 2596 1333 2660 complecti
1343 2596 1378 2643 vi-

242 2678 292 2726 rios
301 2677 564 2741 impulisseadlocum
574 2678 789 2740 corrumpendum,
831 2679 937 2728 deretur.
970 2679 1003 2728 In
1027 2678 1137 2727 oratione
1153 2691 1227 2739 prosa
1247 2676 1378 2724 discrimen

242 2756 302 2820 quia
312 2756 387 2820 sapit
404 2758 537 2820 praeterito
554 2766 664 2821 tempore
675 2764 700 2806 et
710 2757 790 2820 priore
831 2772 876 2820 per
901 2760 1107 2806 constructionem
1127 2756 1244 2806 cernitur.
1271 2756 1377 2804 Lactan-

241 2837 339 2900 syllaha
354 2839 486 2899 producta,
502 2836 528 2884 vi
544 2836 680 2885 sententiae
696 2835 737 2884 hic
753 2849 790 2884 re·
832 2837 893 2885 bns:
928 2838 1061 2885 Nimirum
1088 2852 1164 2885 senec
1191 2835 1336 2898 (Saturnus)
1362 2852 1378 2884 a

242 2916 512 2979 quiri'arbitrarentur.
531 2914 581 2964 Sed
597 2913 723 2976 exempla,
737 2915 790 2976 qui·
832 2918 919 2966 iuvcne
937 2917 1019 2978 fissile
1035 2917 1118 2966 victus
1134 2922 1184 2972 eet,
1210 2929 1240 2964 ac
1255 2916 1379 2976 spoliatur

242 2995 289 3043 bns
303 2995 407 3058 probare
420 2994 510 3051 studet,
522 2991 681 3054 praeteritum
695 3000 791 3055 tempus
833 2996 945 3057 imperto.
973 2998 1051 3058 Fupit
1066 2999 1146 3059 ἐρίων
1163 2997 1292 3057 expulsas,
1309 3000 1334 3042 et
1351 2997 1377 3042 tn

243 3073 347 3122 minime
356 3072 461 3135 requiri,
474 3071 537 3119 nihil
550 3071 659 3134 probant.
678 3070 792 3118 Primum
834 3073 943 3120 Italiam
967 3077 1066 3136 accipio
1090 3075 1166 3122 venit.
1195 3072 1317 3122 Cerasetne
1332 3075 1391 3120 ali·-

242 3152 317 3200 affcrt
341 3166 374 3200 ex
392 3158 490 3200 auctore
506 3149 673 3199 carminis-in
690 3148 791 3199 Obitum
832 3153 891 3213 qais
908 3155 992 3201 Deum
1009 3168 1074 3212 csse,
1099 3155 1143 3215 qui
1159 3155 1247 3214 pulsus
1263 3157 1313 3208 est,
1335 3154 1379 3212 qui

244 3232 397 3281 mannan
414 3246 450 3280 vs.
460 3233 500 3280 as.
525 3233 567 3281 su
577 3232 619 3278 uir
630 3215 792 3291 asseresque·-
826 3230 909 3296 χωρεῖ,
926 3234 969 3295 qur
986 3233 1088 3280 cattas?
1105 3233 1145 3280 na
1161 3233 1186 3278 tn
1204 3231 1309 3280 Horatio
1325 3245 1379 3292 pos-

244 3310 438 3375 hurfuitcarao
452 3313 543 3373 Viros:
565 3311 638 3368 Quae
654 3311 791 3370 became
833 3309 1096 3375 tulatursupit,priore
1106 3312 1233 3374 producta.
1242 3309 1378 3370 Librarius,

244 3392 337 3438 cinctos
351 3391 480 3451 pmtntodo
495 3391 572 3451 pulsa
582 3388 663 3451 sapit.
693 3389 749 3449 Ego
765 3387 791 3435 in
833 3392 920 3450 credo,
935 3392 1024 3451 sensit,
1041 3392 1084 3440 sed
1100 3398 1179 3439 metro
1195 3388 1378 3438 obstare-intel·

244 3483 332 3516 caussa
348 3467 491 3516 Latinitatis
507 3482 557 3516 non
573 3474 630 3515 utar
646 3467 791 3517 auctoritate
832 3469 925 3532 ligem,
942 3473 1048 3520 mutavit
1064 3471 1090 3518 in
1102 3470 1167 3533 scit.
1201 3469 1257 3518 Hoc
1278 3482 1328 3516 non
1346 3469 1378 3518 fe-

244 3549 345 3610 Ροὸῑῦθ,
361 3547 441 3611 qualis
461 3547 509 3595 iste
532 3547 592 3606 fuit,
616 3546 688 3610 plane
707 3547 791 3609 inepti.
831 3549 911 3608 uisset,
928 3551 950 3598 si
966 3551 1054 3600 melius
1071 3548 1197 3612 exemplar
1223 3555 1279 3597 ante
1296 3549 1379 3597 oculos

246 3627 296 3676 Vel
320 3628 366 3676 hoc
389 3627 470 3690 ipsum
491 3626 611 3675 distichon
635 3627 726 3675 indicio
746 3635 791 3675 est.
832 3629 965 3686 habuisset,
982 3630 1009 3677 in
1025 3645 1074 3693 qno
1090 3631 1226 3694 legeretur:
1248 3631 1314 3678 unm
1331 3630 1378 3678 Su·
1403 3653 1404 3658 =

246 3707 309 3770 Quis
325 3707 392 3755 enim
408 3705 559 3770 probabilem
576 3707 791 3756 sentcntiaminde
829 3711 924 3770 perhuc
948 3711 1105 3772 Tarquinius
1113 3708 1285 3772 fopitpulras
1296 3722 1378 3770 repar.

246 3787 342 3836 eliciat?
364 3785 507 3849 scripsisset
521 3786 623 3846 saltem;
639 3789 728 3849 quihus
743 3789 789 3835 ad·
832 3787 918 3838 Verba
942 3788 969 3836 in
993 3789 1089 3851 scriptis
1119 3788 1264 3838 Horatianis
1289 3788 1378 3836 centies
1455 3805 1460 3816 ¹

239 3868 301 3930 fuit
316 3882 396 3915 nureo
418 3868 501 3928 Virpc.
534 3864 572 3913 At
592 3864 652 3928 quid
673 3865 745 3924 miri,
770 3867 791 3913 si
831 3867 896 3916 male
917 3868 1066 3931 transposita
1082 3867 1254 3927 inveniuntur,
1271 3881 1378 3931 praeser-

246 3946 320 4010 pulsa
328 3961 344 3994 a
359 3946 422 3994 bene
433 3944 590 4008 praecinctis,
599 3952 684 4008 postea
692 3960 733 3994 eos
744 3946 790 4009 su·
831 3947 877 3994 tim
886 3947 912 3994 in
928 3947 1029 3997 Satiris:
1044 3947 1108 3996 conf.
1120 3946 1202 3995 Bentl.
1213 3947 1244 3993 ad
1254 3947 1290 3994 II.
1302 3959 1327 3993 v.
1338 3947 1377 3994 59.

245 4027 305 4090 pit?
328 4027 395 4084 Non,
411 4032 482 4089 puto,
504 4032 635 4073 coneretur
654 4026 748 4084 redire,
764 4032 792 4073 ut
831 4025 867 4073 II.
885 4040 922 4074 vr.
939 4026 979 4074 29.
993 4040 1039 4074 nec
1055 4027 1137 4074 minus
1149 4027 1175 4073 in
1186 4025 1311 4087 Epistolis,
1321 4031 1378 4072 ante

246 4105 312 4167 pulsi
345 4105 475 4168 Tarquinii
503 4104 661 4153 conabantur.
704 4106 792 4168 Neque
832 4117 918 4152 omnes
934 4104 961 4151 in
978 4104 1091 4166 Epistola
1108 4106 1139 4151 ad
1157 4105 1267 4152 Pisones.

246 4200 326 4232 norea
349 4186 435 4247 Virpo,
450 4184 472 4232 si
488 4184 521 4232 sit
537 4183 637 4241 Astrea,
646 4182 718 4246 pulsa
733 4183 792 4239 fnit,
867 4177 984 4247 Namque
999 4190 1057 4232 erto.
1083 4183 1211 4233 Sententia
1230 4191 1277 4232 est:
1297 4185 1379 4247 Popu-

246 4265 290 4313 sed
314 4271 402 4328 sponte
425 4279 472 4312 sna
494 4271 573 4312 terras
599 4262 731 4311 sceleribus
748 4263 792 4310 im·
832 4265 884 4322 lus,
909 4261 970 4310 alias
995 4276 1068 4324 saepe
1084 4263 1164 4311 malus
1190 4263 1277 4321 iudex,
1304 4271 1380 4325 negat

248 4344 318 4392 butas
343 4342 449 4406 reliquit.
485 4343 546 4393 Alia
569 4342 695 4405 exempla,
718 4345 794 4404 pulso
834 4342 938 4390 honores
955 4339 1039 4399 nobili,
1055 4341 1099 4403 qui
1115 4355 1165 4388 non
1182 4348 1297 4390 merctur.
1318 4343 1379 4400 Nos,

242 4423 324 4484 fissit,
341 4425 430 4484 pulsus
446 4425 496 4480 uhi,
511 4425 605 4485 pulsate
620 4423 702 4480 cecat,
719 4422 794 4470 etiam
834 4420 924 4484 populo
941 4419 1109 4482 sapientiores,
1125 4420 1188 4468 illud
1199 4421 1316 4469 iudicium
1327 4421 1379 4469 lau-

248 4502 331 4549 minus
357 4508 414 4564 apta
434 4508 493 4550 sunt
517 4501 669 4550 defendendo
691 4503 794 4564 tempori
835 4502 893 4550 dare
911 4499 1036 4550 debemus.
1069 4501 1135 4550 Nam
1154 4501 1198 4560 fac,
1216 4503 1321 4550 cundem
1339 4517 1379 4564 po·
