3542 5634
394 560 457 624 182
784 557 810 618 I.
858 574 987 622 serras
1010 575 1044 619 v.
1068 575 1116 620 vr.

392 742 499 792 Antbol.
516 744 604 793 Burin.
621 742 653 792 Τ.
670 743 692 793 Ι.
710 758 732 806 p.
750 743 807 795 407.
824 743 957 806 accipiebat
977 756 1023 806 pro
1044 741 1128 790 dativo
1148 740 1275 803 praetori,
1298 746 1327 787 ut
1348 739 1428 788 niorie
1449 741 1528 788 dotas

392 836 438 885 pro
456 825 540 872 neorii.
1172 828 1187 891 J

440 901 471 951 P.
480 902 529 950 .50.
562 904 730 952 Praetextam
750 907 776 950 et
796 903 879 950 lotum
900 904 998 951 clauum
1019 915 1166 964 prunaeque
1189 898 1315 948 batillum.
1347 898 1429 947 Nemo
1446 899 1528 947 adhuc

391 979 510 1042 probabili
527 982 600 1029 modo
616 981 664 1029 ista
680 981 837 1043 interpretari
853 979 933 1028 scivit.
957 979 1047 1042 Neque
1063 991 1111 1039 ego
1128 977 1186 1026 scio.
1211 977 1279 1038 Quid
1295 977 1419 1025 sententia
1434 985 1528 1040 poseat,

391 1059 472 1108 minus
489 1060 622 1109 obscurum
643 1067 692 1120 est,
713 1060 781 1108 aliud
803 1059 895 1108 seilicet
915 1065 1104 1115 ornamentum,
1126 1072 1183 1105 cum
1199 1063 1328 1120 praetexta
1347 1063 1373 1106 et
1388 1056 1440 1105 lato
1456 1057 1529 1107 clavo

390 1139 551 1198 conveniens,
567 1147 593 1189 et
609 1154 666 1189 cum
682 1139 711 1188 iis
728 1138 846 1202 mniungi
862 1139 972 1188 solitum,
1004 1139 1060 1188 Hoc
1081 1139 1250 1201 quaerendum
1267 1137 1367 1185 videtur
1381 1136 1409 1184 in
1424 1137 1528 1196 calesu,

390 1234 451 1283 quos
467 1227 593 1270 senatores
609 1219 689 1283 nigris
706 1218 818 1282 corrigiis
835 1220 903 1267 cruri
918 1219 1069 1282 alligabant:
1089 1220 1259 1267 Praeteatom
1275 1223 1301 1265 et
1317 1219 1398 1266 lutum
1415 1220 1528 1283 emaum,

389 1305 415 1349 et
430 1302 530 1362 nimam
546 1315 642 1363 qaoque
657 1301 763 1348 alutam.
796 1298 919 1348 Horatius
935 1298 1002 1347 idem
1018 1297 1095 1361 plane,
1108 1298 1144 1346 sic
1159 1297 1280 1359 expressit
1300 1297 1328 1344 in
1343 1296 1444 1346 homine
1461 1313 1529 1348 vano

292 1433 301 1450 Ι
388 1377 410 1427 Ι.
428 1377 501 1428 Satir.
518 1379 567 1429 VI.
584 1379 625 1427 24.
646 1393 693 1440 quo
710 1379 766 1437 tibi,
787 1379 862 1435 Tilli,
881 1379 986 1426 Sumere
1002 1378 1143 1439 depositum
1164 1377 1264 1424 clauum
1273 1375 1385 1438 fierique
1402 1376 1529 1424 bibano?

389 1459 459 1506 Nam
483 1464 514 1507 at
538 1459 643 1521 quisque
665 1460 772 1506 insonus
795 1459 876 1519 nipris
901 1459 1010 1506 medium
1031 1457 1147 1518 impediit
1163 1469 1223 1504 uus
1258 1455 1384 1514 Pellibus,
1401 1460 1427 1504 et
1443 1457 1528 1504 laium

387 1539 487 1588 &nebit
500 1542 601 1600 pectore
621 1537 733 1595 olavum,
768 1537 850 1584 Audit
866 1536 997 1585 contiuuo:
1016 1535 1247 1597 „persuasura
1264 1539 1312 1582 out
1328 1549 1377 1596 quo
1393 1541 1529 1598 patrenu-

388 1619 461 1666 tus?“
494 1613 664 1665 Memorabilis
681 1622 719 1664 est
734 1614 803 1664 locus
819 1615 886 1677 apud
903 1612 1016 1663 Iuvenal
1038 1613 1113 1663 Satin.
1130 1613 1194 1663 VH.
1214 1614 1267 1663 190.
1292 1615 1367 1662 Felic
1382 1620 1409 1662 et
1427 1614 1529 1676 sapiens

386 1701 412 1744 et
436 1697 527 1745 nobilis
551 1700 576 1743 et
594 1709 725 1757 pannosus
759 1694 909 1757 Appositum
935 1695 1023 1756 nimae
1046 1696 1134 1741 tunam
1161 1695 1273 1744 rabiem
1293 1695 1387 1742 alutae.
1420 1693 1529 1742 Praetor

386 1775 496 1833 Luscus,
513 1773 585 1838 quasi
600 1780 731 1837 praetexta
746 1781 771 1822 et
788 1773 854 1821 latus
870 1771 956 1820 clavus
972 1786 1024 1820 non
1039 1772 1198 1829 sufficerent,
1214 1773 1300 1836 nigras
1315 1787 1414 1836 quoque
1433 1773 1462 1821 in
1477 1773 1527 1821 eal-

386 1853 436 1902 cais
452 1852 579 1916 corrigias,
597 1853 681 1915 nigras
697 1857 826 1916 praeterea
843 1850 962 1914 corrigias
978 1850 1091 1901 habebat.

434 1932 465 1981 P.
482 1933 523 1980 52.
556 1934 626 1980 Bari
645 1933 741 1981 owenia
758 1933 858 1994 pecori
892 1931 977 1979 Acro:
1000 1931 1092 1989 „Baris
1111 1931 1198 1979 civitae
1215 1931 1339 1996 Apuliae,
1361 1946 1425 1994 quae
1442 1932 1527 1996 appel-

385 2010 483 2060 labatur
507 2013 620 2061 Barium.
654 2012 694 2060 Ea
720 2014 832 2062 Adboris
848 2011 940 2060 dicitur
957 2006 1089 2075 hodieque,
1115 2019 1144 2060 ut
1164 2011 1228 2060 dixit
1249 2012 1426 2075 grammaticus
1444 2012 1528 2061 Theo·

385 2092 486 2142 tiscus.“
519 2093 552 2142 In
568 2093 606 2141 his
623 2093 760 2148 noandum
777 2093 900 2142 Adbaris.
934 2092 970 2141 Ut
994 2092 1060 2139 enim
1082 2098 1176 2140 veteres
1195 2106 1228 2140 ex
1249 2091 1391 2141 nominibus
1414 2093 1528 2140 locorum

385 2173 451 2222 notis
471 2173 612 2222 formabant
636 2187 702 2220 nova
723 2174 825 2221 nomina
845 2172 947 2221 adiectis
967 2171 1187 2235 praepositionibus
1203 2175 1238 2220 ad
1257 2175 1297 2230 in,
1320 2171 1410 2221 Graeci
1435 2169 1472 2229 εἰς
1488 2172 1526 2233 ἐν,

386 2252 421 2301 ita
439 2252 563 2312 faciebant
579 2253 727 2301 recentiores
744 2252 836 2319 populi.
872 2251 944 2302 Alibi
960 2253 992 2300 de
1007 2252 1185 2301 consuetudine
1204 2253 1252 2300 ista
1268 2251 1379 2314 exposui.
1485 2248 1490 2257 ’

818 2429 850 2469 1.
885 2418 1021 2469 SATIRA
1046 2420 1096 2468 VI.

1370 2513 1393 2549 e

434 2563 497 2626 Peg.
515 2563 555 2611 bt.
593 2565 679 2622 Quum
701 2561 797 2624 rasura
824 2577 913 2626 nepas,
939 2564 1012 2624 quali
1035 2565 1072 2611 sit
1091 2563 1195 2625 quasque
1211 2567 1319 2625 parente
1353 2563 1526 2620 Notandum

383 2644 518 2705 inoenuus,
540 2643 678 2705 permade
709 2642 754 2690 hoc
776 2642 823 2689 tibi
846 2655 919 2699 aere,
957 2645 1027 2690 Ante
1044 2647 1193 2704 potestatem
1224 2642 1295 2690 Tulli
1322 2643 1527 2704 atqueipnobile

383 2735 487 2782 repnum
520 2721 623 2770 Multos
645 2735 718 2782 saepe
734 2722 802 2768 utros
822 2721 901 2768 nullis
924 2722 1061 2770 mutarim
1077 2727 1145 2770 ortos
1177 2723 1217 2768 Et
1233 2722 1324 2769 visun
1341 2723 1446 2783 proba,
1471 2737 1525 2771 am-

381 2801 436 2862 plis
460 2804 486 2848 et
508 2800 641 2849 bmmibus
663 2805 765 2858 aucta,-
793 2799 891 2849 Contra
916 2801 1070 2861 manuni,
1092 2800 1179 2849 Valeri
1194 2815 1284 2863 pensu,
1309 2803 1376 2850 unde
1393 2803 1526 2863 Superbus

387 2879 544 2941 Tarquinius
567 2893 642 2941 repno
665 2880 754 2940 pulsus
762 2878 851 2941 fucit,
876 2881 954 2927 unius
979 2881 1044 2929 assis
1079 2883 1137 2930 Non
1162 2894 1273 2942 unqrmm
1287 2882 1371 2941 pretia
1389 2882 1478 2942 pluris
1493 2882 1524 2928 li-

383 2959 475 3018 cuisse,
500 2963 604 3007 notante
639 2957 738 3014 Iudae,
764 2973 813 3021 quo
829 2960 909 3018 nosti,
930 2961 1038 3022 populo,
1060 2961 1105 3022 qui
1124 2961 1220 3008 stultus
1242 2960 1345 3008 Ιιοιιονιι
1379 2961 1461 3022 Saepe
1477 2963 1526 3009 dat

382 3027 497 3100 intimis
512 3043 538 3088 et
548 3037 639 3099 samaa
654 3038 734 3086 serait
755 3039 864 3099 ineptus.
897 3038 965 3099 Quot
981 3040 1081 3102 quantis
1092 3038 1277 3088 difficultatibus
1293 3039 1417 3087 sententia
1432 3039 1524 3088 horum

383 3129 501 3166 versuum
522 3117 628 3176 laboret,
654 3117 713 3166 satis
735 3119 869 3166 ostendunt
893 3119 1005 3168 diversae
1027 3120 1190 3182 interpretum
1212 3119 1346 3181 opiniones.
1376 3121 1525 3170 Persuadere

382 3198 428 3247 boo
443 3197 491 3246 tibi
506 3212 569 3246 cere.
603 3196 723 3247 Horatius
745 3197 828 3246 dicere
844 3212 895 3246 non
912 3205 1017 3261 poterat,
1033 3198 1081 3246 nisi
1097 3205 1165 3246 certa
1180 3198 1282 3246 haberet
1293 3199 1443 3257 testimonia,
1455 3201 1524 3249 unde

383 3282 518 3333 constaret,
535 3282 593 3325 ante
614 3283 760 3340 potestatem
777 3276 847 3325 Tulli
872 3277 934 3326 tales
956 3278 1022 3326 viros
1039 3277 1139 3326 vixisse.
1173 3277 1328 3326 Testimonia
1344 3292 1396 3327 non
1412 3287 1522 3329 exstant.

381 3356 435 3404 Nee
452 3356 584 3405 Maecenas
604 3355 685 3405 dicere
701 3362 890 3419 poterat:·vere
906 3355 969 3404 mihi
990 3357 1126 3419 masnadeo
1146 3371 1188 3405 eos
1205 3357 1312 3405 sime:
1337 3364 1448 3419 poterat,
1468 3359 1523 3420 for-

383 3442 449 3484 tasse
464 3451 520 3484 cere
536 3437 599 3484 mibi
613 3438 765 3498 persuadeo,
781 3435 920 3485 verosimile
928 3437 1059 3493 est,credo
1070 3435 1111 3484 vel
1121 3436 1208 3485 simile.
1227 3436 1325 3485 Contra
1337 3439 1479 3487 Laeuinum
1491 3466 1523 3475 —

380 3515 466 3576 pluris
482 3517 589 3564 laubos.
624 3514 683 3562 Non
699 3514 826 3578 intelligo,
841 3516 908 3563 unde
924 3515 1062 3563 infinitivus
1079 3517 1191 3578 madeat.
1225 3515 1308 3574 Ratio,
1330 3530 1380 3579 qua
1396 3517 1522 3580 explicare

381 3599 509 3650 conantur,
526 3608 614 3656 parum
631 3591 763 3655 probabilis
780 3600 825 3641 est.
851 3595 991 3642 Laeuinum
1008 3595 1108 3643 inance
1124 3610 1174 3644 non
1188 3597 1281 3656 pluris,
1293 3594 1404 3644 sciebant
1421 3611 1521 3646 omnes:

382 3673 506 3735 quomodo
521 3673 599 3734 igitur
615 3673 756 3731 Maecenas,
773 3673 819 3720 hoc
835 3673 870 3720 ita
886 3672 1015 3730 accidisse,
1039 3688 1095 3721 uere
1110 3675 1159 3722 eibi
1173 3675 1327 3736 persuadet?
1360 3674 1428 3732 Hoc,
1445 3680 1522 3737 puto,

380 3751 460 3799 movit
475 3752 700 3810 Wustemannum‚
718 3757 746 3800 ut
762 3753 882 3802 iudicaret
898 3767 930 3801 ex
947 3755 1083 3816 permutes
1099 3754 1274 3801 assumendum
1291 3767 1345 3802 esse
1354 3755 1431 3815 probe
1447 3757 1521 3804 nosti

380 3829 451 3878 Nihil
471 3829 533 3876 mibi
553 3828 684 3878 obscurum
702 3830 837 3888 videretur,
859 3831 881 3878 si
905 3830 1026 3880 Horatius
1042 3831 1191 3894 scripsisset:
1216 3833 1302 3891 Quum
1317 3831 1520 3896 referensque,

379 3909 451 3970 quali
475 3909 511 3957 sit
534 3909 639 3972 quisque
652 3914 759 3970 parente
792 3911 896 3968 Natus,
922 3913 982 3960 dum
1003 3912 1133 3974 inqenuus.
1170 3913 1313 3960 Persuades
1330 3913 1375 3961 hoc
1392 3913 1440 3960 tibi
1456 3928 1520 3962 vere.

380 3991 449 4038 Ante
462 3993 613 4051 potestatem
634 3989 704 4036 Tulli
721 3994 796 4051 atque
812 3991 920 4052 ι’ριιοὶήὶε
936 4005 1040 4053 reanum
1058 3993 1157 4040 Multos
1173 3993 1245 4040 crede
1260 3992 1328 4039 uiros
1344 3992 1426 4039 nullis
1442 3994 1520 4041 maio

379 4068 451 4116 ribus
468 4072 534 4116 ortos
567 4069 607 4116 Et
622 4069 716 4117 cicun
729 4070 819 4131 proin
835 4069 1106 4131 amplisetbonoritus
1122 4075 1224 4118 auctos:
1251 4068 1349 4117 Contra
1366 4069 1519 4129 moinum,

384 4145 471 4194 Valeri
494 4161 584 4208 penus,
608 4149 674 4194 unde
696 4146 822 4210 Superbus
863 4149 1020 4211 Tarquinius
1036 4147 1112 4211 fucit
1134 4150 1226 4210 pulsas
1250 4163 1334 4209 repno,
1356 4150 1432 4196 unius
1454 4150 1520 4205 assis

380 4227 440 4274 Non
456 4240 567 4288 anquam
581 4226 665 4287 pretio
678 4226 764 4287 pluris
780 4226 892 4285 licuisse,
908 4231 1013 4276 notante
1035 4227 1124 4275 Iudice
1140 4233 1179 4284 eo,
1195 4228 1275 4285 nosti,
1283 4229 1391 4288 populo,
1402 4230 1519 4289 quietal-

380 4309 422 4353 tus
439 4306 541 4353 bonores
575 4297 655 4365 saepe
679 4306 725 4352 dot
749 4304 861 4366 iodiqnis
884 4309 910 4352 et
924 4303 1016 4366 faniae
1036 4306 1114 4353 anob
1136 4305 1244 4367 ineptas.
1277 4303 1344 4365 Quia
1360 4311 1412 4353 tarn
1428 4306 1518 4354 nobilis

379 4395 418 4441 es,
436 4383 580 4439 Maecenas,
598 4383 652 4430 ideo
669 4397 709 4430 me
725 4396 775 4430 non
792 4383 909 4445 despicis,
926 4397 982 4431 cum
1000 4384 1066 4431 dicas
1084 4390 1109 4431 et
1125 4384 1274 4443 contendas,
1290 4383 1325 4432 nil
1342 4384 1450 4443 referre,
1467 4401 1518 4449 quo

380 4461 434 4522 quis
450 4470 520 4522 patre
536 4462 567 4510 sit
584 4468 668 4520 natus,
686 4463 759 4510 modo
777 4461 866 4510 habeat
882 4461 1019 4524 ingenuam
1042 4468 1160 4511 menum.
1194 4464 1229 4511 Et
1250 4464 1286 4510 sic
1311 4463 1436 4521 iudicans,
1458 4479 1518 4513 vere

378 4540 480 4591 indicas.
512 4541 601 4590 Virtus
618 4539 743 4598 nobilitat,
761 4556 810 4588 uon
829 4556 915 4603 genus.
944 4544 1000 4592 Hoc
1016 4543 1050 4590 ita
1068 4556 1154 4591 verum
1172 4549 1220 4599 est,
1239 4548 1266 4589 ut
1283 4557 1312 4590 ea
1329 4543 1447 4606 cogitatio
1464 4545 1517 4592 ani·
