3542 5634
383 461 428 522 48
777 449 1128 520 SATIRARUM

427 645 539 710 Necne
562 642 623 725 sit,
647 641 840 724 addubites,
863 639 982 725 flagret
1004 659 1133 702 rumore
1156 635 1244 700 malo
1269 655 1371 722 quum

428 747 493 813 Hic
516 752 615 832 atque
637 744 740 809 ille?“
786 742 913 808 Avidos
936 741 1085 806 vicinum
1107 739 1207 805 funus
1230 745 1269 804 ut
1292 757 1405 823 aegros

429 849 625 931 Exanimat,
649 847 830 932 mortisque
852 849 945 910 metu
965 843 1029 910 sibi
1051 864 1182 929 parcere
1205 841 1310 927 cogit;

429 954 484 1020 sio
507 958 634 1018 teneros
658 950 786 1015 animos
809 949 918 1014 aliena
943 947 1117 1033 opprobria
1140 968 1237 1031 saepe

426 1057 622 1122 Absterrent
644 1052 746 1119 vitiis.
795 1052 849 1116 Ex
871 1051 932 1115 hoc
956 1072 1033 1135 ege,
1058 1071 1158 1114 sanus
1182 1049 1223 1114 ab
1247 1047 1332 1129 illis,

428 1157 612 1224 Pemiciem
634 1176 845 1242 quaecunque
867 1153 995 1235 ferunt,
1020 1151 1238 1217 mediocribus
1263 1156 1297 1214 et
1320 1148 1392 1234 quis

429 1263 585 1348 Ignoscas
608 1258 701 1324 vitiis
725 1263 838 1323 teneor
845 1283 854 1334 ;
878 1255 1029 1322 fortassis
1054 1260 1088 1320 et
1108 1253 1231 1320 isthinc

429 1363 581 1449 Largiter
604 1360 780 1427 abstulerit
801 1360 903 1445 longa
925 1363 1031 1442 aetas,
1055 1357 1139 1424 liber
1161 1355 1305 1437 amicus,

430 1465 615 1533 Consilium
638 1463 826 1550 proprium:
850 1484 955 1547 neque
979 1461 1085 1543 eninr,
1109 1482 1212 1547 quum
1235 1457 1376 1524 lectulus
1393 1462 1451 1522 aut
1469 1477 1526 1519 me

429 1567 579 1634 Porticus
603 1567 747 1653 excepit,
771 1566 887 1632 desum
911 1564 1002 1630 mihi.
1051 1564 1210 1647 „Rectius
1233 1563 1295 1627 hoc
1318 1565 1383 1626 est:

430 1670 502 1736 Hoc
524 1671 646 1737 faciens
670 1670 782 1737 vivam
803 1669 942 1746 melius3
967 1668 1014 1733 sic
1038 1667 1143 1734 dulcis
1167 1665 1281 1732 amicis

430 1774 622 1853 Occurram3
645 1775 707 1841 hoc
731 1773 866 1860 quidam
889 1792 956 1837 non
979 1770 1084 1848 belle3
1109 1768 1272 1854 numquid
1295 1789 1355 1852 ego
1377 1765 1429 1829 illi

430 1872 624 1962 Imprudens
648 1877 729 1942 olim
751 1876 873 1941 faciam
896 1872 1049 1940 simile?“
1097 1872 1186 1938 Haec
1210 1893 1270 1956 ego
1294 1891 1421 1935 mecum

429 1979 632 2065 Compressis
656 1979 748 2066 agito
771 1978 890 2056 labris3
916 1976 973 2044 ubi
996 1975 1076 2061 quid
1099 1976 1195 2040 datur
1220 1975 1281 2058 oti,

429 2082 539 2148 Illudo
562 2083 693 2149 chartis.
742 2083 815 2148 Hoc
838 2085 890 2147 est
912 2079 1129 2146 mediocribus
1153 2078 1221 2143 illis

430 2185 483 2249 Ex
505 2185 597 2251 vitiis
621 2207 743 2263 unum3
767 2184 821 2250 cui
844 2184 874 2250 si
897 2183 1070 2249 concedere
1092 2182 1195 2265 nolis,

355 2294 357 2298 ‘
429 2288 539 2353 Multa
559 2293 732 2374 poetarum
754 2287 865 2352 veniet
887 2307 1023 2369 manus,
1049 2285 1173 2350 auxilio
1196 2306 1279 2370 quae

432 2391 484 2457 Sit
506 2390 604 2466 mihi;
632 2389 727 2477 (nam
749 2389 856 2455 multo
879 2389 991 2474 plures
1016 2389 1163 2476 sumus),
1187 2411 1224 2454 ac
1247 2387 1350 2454 veluti
1374 2393 1407 2452 te

432 2492 547 2559 Iudaei
567 2515 721 2580 cogemus
745 2492 780 2556 in
804 2493 890 2558 hanc
912 2492 1086 2558 concedere
1109 2492 1248 2557 turbam.

422 2712 529 2772 Flaqret
541 2726 642 2760 rancore
658 2712 725 2759 niolo
736 2726 813 2774 quam
833 2711 886 2758 Hic
897 2716 936 2759 at·
975 2724 1029 2759 mos
1046 2717 1142 2759 teneros
1159 2711 1226 2759 vitiis
1243 2709 1393 2768 absterrent;
1413 2723 1454 2757 me
1470 2710 1524 2772 qui-

387 2805 435 2853 que
455 2789 520 2838 ille?
555 2791 648 2839 Aaron
671 2791 781 2839 manum
797 2789 884 2853 funus
905 2794 934 2836 at
976 2791 1032 2838 dem
1048 2791 1240 2839 absterruerunt.
1266 2790 1333 2838 Nam
1344 2803 1419 2837 sanus
1430 2787 1462 2836 ab
1473 2787 1524 2836 illis

387 2883 474 2932 cepres
500 2871 651 2922 Exanimot.
668 2869 811 2932 Aegrorum
822 2868 890 2916 haud
901 2868 935 2916 ita
975 2869 1068 2926 mansi,
1084 2882 1148 2931 quae
1164 2867 1297 2930 perniciem
1314 2867 1404 2916 ferunt.

387 2947 514 3010 proprium
530 2954 579 3006 est,
602 2956 630 2996 ut
649 2948 697 2997 istc
716 2949 790 2997 modo
806 2949 877 2997 avidi
893 2961 934 3008 ap·
1010 2951 1078 2995 Nam
1104 2948 1183 2994 inulto
1204 2948 1292 3008 plures
1316 2961 1411 2994 sarnus.
1446 2945 1524 2993 Multi

387 3026 519 3090 pellentur.
552 3028 587 3076 Et
611 3028 670 3075 satis
695 3027 800 3084 dictum,
826 3041 867 3075 eos
889 3026 935 3074 sibi
975 3027 1060 3090 politae
1072 3027 1134 3076 mihi
1146 3025 1241 3074 auxilio
1253 3025 1361 3084 venient,
1373 3040 1432 3073 nam
1444 3027 1525 3073 multo

387 3114 441 3155 tum
457 3107 601 3169 praesertim
619 3121 730 3170 parcere,
753 3107 799 3154 hoc
815 3114 864 3164 est,
884 3121 936 3154 non
972 3108 1059 3169 plures
1075 3121 1171 3154 samus.
1206 3105 1341 3166 Quaeritur
1361 3121 1437 3168 quom
1458 3103 1525 3166 qut?

387 3192 483 3233 tantum
499 3187 527 3234 in
542 3186 590 3234 cibi
607 3192 631 3234 et
646 3192 718 3248 potus
735 3199 793 3242 usu,
805 3185 934 3233 sedetiam
975 3183 1058 3244 Quam
1074 3200 1128 3247 epo,
1144 3199 1194 3234 non
1211 3186 1317 3245 dixeris3
1334 3185 1525 3247 quamcredere,

387 3265 414 3312 in
430 3264 486 3312 aliis
503 3264 588 3321 rebus,
610 3279 672 3327 quae
691 3263 830 3312 valetudini
846 3277 934 3311 nocere
975 3263 1120 3311 durum-est.
1138 3263 1258 3328 *Fortasse
1269 3263 1437 3311 scribendum:
1454 3263 1525 3310 Nam

387 3344 493 3404 possint,
514 3357 571 3391 cum
594 3343 676 3391 vicino
698 3342 784 3391 funere
801 3343 933 3390 admonen-
974 3343 1043 3390 mille
1058 3350 1083 3390 et
1097 3343 1186 3404 plores
1205 3357 1301 3391 sarnus.
1335 3343 1460 3391 Numerus
1481 3355 1524 3390 ne·

387 3430 436 3472 tur.
469 3423 501 3471 In
522 3423 608 3471 multis
627 3421 704 3472 MSS.
721 3437 772 3471 non
787 3423 874 3471 acidos
890 3421 934 3469 sed
974 3420 1036 3468 mini
1053 3420 1205 3483 displicebit,
1226 3421 1279 3470 sive
1300 3422 1372 3484 quasi
1394 3420 1420 3468 in
1437 3421 1525 3470 coniu-

386 3502 454 3550 vides
470 3500 570 3564 legitur.
604 3502 682 3557 Hinc,
701 3509 774 3565 puto,
790 3501 882 3565 optime
898 3501 933 3549 le·
974 3499 1046 3557 ratis,
1063 3506 1091 3548 ut
1103 3500 1221 3550 Scaevola
1232 3502 1298 3564 apud
1310 3489 1372 3550 Lis.
1385 3501 1422 3550 ΙΙ.
1436 3501 1474 3550 12.
1487 3500 1523 3548 di-

388 3593 486 3643 gemus:
509 3582 584 3640 Vide,
595 3581 795 3644 adsumsimus
807 3585 836 3627 ut
847 3593 934 3641 scyros
974 3579 1044 3627 cebet
1054 3579 1192 3640 Porsenae,
1204 3581 1309 3630 trecenti
1320 3581 1522 3629 coniuravimus:

387 3659 539 3706 Exammat.
571 3658 675 3705 Imitare
691 3671 790 3720 aegros,
807 3657 851 3720 qui
865 3671 934 3720 prae-
974 3659 1069 3707 sivein
1086 3673 1179 3708 morem
1196 3659 1332 3722 proverbii,
1349 3660 1447 3722 quando
1463 3658 1525 3707 talia

386 3735 451 3783 senti
472 3736 588 3797 exemplo
611 3734 687 3783 vicini
708 3735 802 3784 funeris
818 3735 850 3783 ab
866 3739 934 3785 omni
976 3744 1110 3800 augentur,
1133 3745 1161 3786 ut
1181 3741 1285 3796 centies,
1308 3742 1406 3788 millies.
1441 3739 1524 3787 Primi

387 3814 576 3877 intemperantia
592 3815 753 3863 deterrentur.
791 3816 866 3873 Vide,
883 3830 935 3864 non
977 3816 1113 3867 Christiani
1130 3817 1251 3867 dicerent:
1268 3819 1336 3867 Nam
1352 3817 1419 3882 legio
1431 3826 1456 3867 et
1466 3818 1522 3880 plu-

387 3893 472 3942 vides?
495 3899 524 3942 ut
549 3893 643 3943 Seneca
667 3895 699 3942 de
723 3894 799 3942 Prcr.
817 3896 841 3943 2.
876 3896 935 3944 Noa
976 3911 1015 3945 res
1032 3910 1131 3954 sumus,
1149 3904 1176 3944 ut
1193 3898 1220 3945 in
1236 3898 1335 3960 Euerg.
1354 3898 1435 3946 Marci
1451 3898 1486 3946 V.
1499 3899 1523 3948 9.

386 3973 467 4030 vides,
483 3978 579 4036 munio
591 3975 668 4023 aliter
677 3979 778 4036 patres,
794 3975 872 4022 aliter
882 3989 934 4022 ma·
976 3975 1075 4040 Λεγεὼν
1099 3977 1181 4040 ὄνομά
1201 3995 1245 4042 μοι
1266 3975 1305 4025 ὅτι
1327 3977 1421 4026 πολλοὶ
1438 3977 1524 4042 ἔσμεν.

387 4057 439 4101 tres
460 4054 625 4114 indulpeanti
657 4053 749 4102 Latina
770 4059 840 4102 sunt:
865 4054 934 4110 vide,
976 4055 1067 4104 Matth.
1090 4054 1193 4104 XXVI.
1220 4056 1259 4104 53.
1285 4055 1301 4115 ὴ
1327 4054 1407 4113 δοκεῖς
1432 4055 1471 4104 tn
1493 4057 1524 4105 οὐ

386 4130 466 4180 άάεη·
491 4136 522 4177 ut
538 4132 681 4189 exanimat,
695 4133 834 4182 eearrimet:
855 4131 928 4182 Conf.
976 4133 1086 4198 δύναμαι
1103 4134 1161 4197 ἄρτι
1176 4132 1354 4199 παρακαλέσαι
1367 4135 1414 4184 τὸν
1425 4133 1524 4199 πατέρα

388 4208 501 4259 Oudend.
507 4210 540 4258 ad
549 4208 650 4259 Sueten.
660 4211 770 4275 August.
779 4212 819 4261 68.
838 4211 889 4270 Sic,
900 4212 935 4261 ait
975 4229 1037 4277 μου,
1054 4213 1095 4261 καὶ
1107 4212 1263 4278 παραστήσει
1275 4231 1318 4278 μοι
1332 4213 1436 4273 πλείους
1448 4215 1464 4274 ἡ
1474 4213 1524 4263 δώ-

387 4289 517 4347 Horatius,
540 4291 622 4340 aliena
642 4291 773 4354 opprobria
792 4305 865 4355 saepe
881 4292 934 4340 ani-
976 4290 1036 4341 ὃεκα
1052 4292 1180 4356 traseae
1198 4290 1326 4357 ἀγγέλων;

873 4457 1035 4480 -an-
