3542 5634
389 465 432 527 46
782 455 1134 522 SATIRARUM

435 635 545 718 Quum
568 656 621 699 me
645 634 847 714 hortaretur,
871 653 985 716 parce,
1009 631 1197 716 frugaliter,
1223 637 1321 717 atque

435 739 588 804 Viverem
610 735 661 801 uti
684 740 858 800 contentus
881 755 939 817 eo,
964 734 1051 818 quod
1075 736 1121 798 mi
1144 734 1216 820 ipse
1238 739 1404 820 parasset:

436 842 578 926 „Nonne
599 840 712 922 vides,
736 838 817 903 Albi
840 842 879 903 ut
902 836 988 902 male
1010 837 1101 902 vivat
1123 837 1237 904 filius?
1259 842 1361 924 utque

437 947 558 1010 Barrus
582 944 700 1028 inops?
735 963 895 1027 magnum
919 941 1170 1024 documentum,
1206 963 1248 1008 ne
1270 941 1413 1027 petriam
1435 961 1505 1005 rem

427 1134 502 1192 Quod
517 1133 553 1180 mi
575 1133 629 1194 ipse
646 1136 775 1193 pererret.
806 1128 892 1178 Etiam
917 1129 939 1176 si
979 1131 1011 1177 ad
1028 1131 1140 1192 inopium
1152 1132 1318 1188 redactus‚nt
1329 1131 1431 1179 Barrus.
1443 1128 1529 1177 Plant.

390 1225 477 1260 omnes
492 1210 551 1259 libri
568 1209 645 1260 MSS.
659 1208 778 1257 haberent
797 1223 938 1270 parassem,
979 1208 1045 1257 Rud.
1063 1210 1084 1258 I.
1103 1223 1140 1257 rr.
1161 1211 1182 1258 l.
1203 1210 1274 1268 Quid
1291 1211 1353 1257 eiiii
1370 1210 1460 1258 nulius
1476 1214 1529 1267 eet,

390 1298 472 1338 tamen
489 1288 589 1338 Horatii
600 1292 720 1351 parasset
730 1286 870 1334 arbitrarer.
887 1284 939 1334 Vel
978 1287 1040 1348 quid
1056 1289 1137 1348 mepte
1154 1289 1182 1336 in
1198 1303 1251 1336 rem
1268 1294 1318 1345 est,
1334 1303 1410 1350 quom
1426 1301 1531 1348 corpere

390 1385 426 1418 vs.
447 1370 500 1417 lll.
524 1383 557 1416 ae
569 1367 687 1430 petriam
701 1381 754 1414 rem
763 1367 869 1426 perdere
882 1366 939 1426 quis
979 1365 1057 1412 vitam
1074 1365 1222 1414 recludam?
1256 1367 1301 1414 lto
1322 1367 1387 1414 orele
1402 1367 1473 1422 uiue,
1488 1372 1529 1413 et-

389 1447 466 1508 aetit,
481 1447 528 1495 hoc
544 1445 639 1494 suadet
662 1444 736 1492 Adde
753 1443 827 1492 Satir.
844 1441 881 1491 11.
899 1456 937 1489 111.
977 1458 1025 1505 qus
1041 1447 1082 1492 ita
1098 1445 1161 1492 nribt'
1182 1447 1277 1494 multoe
1297 1447 1326 1492 iu
1345 1451 1445 1508 pectore
1467 1450 1530 1493 runt

392 1527 447 1579 178.
484 1527 524 1573 Tu
554 1539 613 1574 aare
641 1539 673 1572 ne
701 1524 814 1578 minuas,
840 1527 882 1579 tu,
907 1537 938 1569 ue
978 1537 1053 1571 curce
1069 1524 1232 1574 exanimalem
1255 1524 1340 1586 Atque
1357 1537 1387 1570 ea
1403 1523 1528 1586 significa·

390 1606 473 1653 moius
482 1603 572 1667 socies
588 1603 617 1651 id
651 1601 726 1660 Quod
741 1601 808 1649 sctis
824 1615 876 1648 esse
887 1615 935 1662 pu·
977 1601 1012 1648 tio
1036 1601 1097 1649 bene
1123 1602 1181 1650 hnic
1205 1601 1259 1651 loco
1283 1603 1405 1650 convenit.
1439 1603 1528 1662 Adde,

390 1686 429 1730 tat
440 1687 524 1744 pater.
557 1679 625 1730 Hinc
645 1686 670 1727 et
691 1678 736 1727 illa
752 1692 793 1727 res
817 1679 889 1725 auito
913 1683 938 1724 et
977 1679 1045 1740 quod
1069 1679 1143 1728 multi
1169 1694 1196 1728 re
1216 1683 1321 1742 perdite
1341 1695 1391 1729 uon
1408 1687 1445 1728 tot
1460 1683 1528 1730 curis

387 1768 513 1823 paterna,
534 1776 588 1810 rem
615 1760 702 1821 putria
723 1756 853 1812 oblimare,
879 1755 936 1803 alia.
978 1760 1159 1819 exanimentur,
1178 1766 1205 1808 ut
1221 1759 1398 1818 malecicurt,
1416 1760 1528 1810 inteliees

389 1839 466 1889 Pater
490 1839 590 1889 Horatii
607 1838 647 1886 hic
668 1839 699 1886 de
715 1837 807 1885 futuris
823 1835 870 1884 filii
885 1835 936 1898 opi·
977 1837 1034 1884 sint.
1057 1837 1150 1896 Fuere,
1168 1839 1211 1901 qui
1227 1839 1388 1902 sapientiores
1406 1838 1476 1895 facti,
1491 1838 1527 1886 vi-

389 1918 448 1978 bus,
473 1934 534 1983 quas
558 1918 606 1967 sibi
629 1923 692 1966 esset
715 1923 860 1979 paraturus,
885 1930 936 1964 non
977 1921 1029 1963 tam
1046 1917 1219 1976 emendarent,
1242 1918 1284 1980 qui
1307 1931 1407 1964 scurrae
1424 1917 1526 1976 tierent,

388 1999 492 2062 cogitat,
517 2011 562 2046 nec
581 2003 673 2060 potest,
690 1996 732 2044 sed
749 2009 806 2043 eum
823 1995 937 2043 hortatur
977 1994 1118 2058 philosophi
1134 1997 1205 2052 adeo,
1221 2002 1249 2045 ut
1264 1995 1441 2059 Damasippus.
1469 1998 1528 2055 Hie,

388 2084 417 2126 ut
433 2091 465 2126 ue
480 2076 633 2140 prodigeret,
650 2090 711 2138 quas
721 2075 745 2123 ei
761 2081 826 2122 esset
836 2074 936 2122 relictu-
976 2074 1044 2122 omni
1065 2089 1092 2122 re
1116 2073 1208 2134 fracta,
1223 2089 1280 2123 eum
1297 2089 1323 2123 se
1342 2076 1370 2124 in
1380 2075 1527 2124 flumenim-

388 2172 438 2205 rus.
471 2155 555 2204 Pleut.
578 2155 655 2203 Mero.
677 2154 699 2202 I.
719 2169 736 2202 1.
754 2155 794 2201 56.
820 2169 850 2202 ee
872 2167 937 2214 quae
976 2153 1074 2202 mittere
1102 2153 1192 2212 vellet,
1218 2154 1384 2202 admonitione
1412 2153 1527 2203 Stertinii

372 2239 460 2301 ,ipsus
476 2236 573 2297 optime
609 2217 700 2281 Omnes
718 2234 814 2280 labores
829 2232 935 2280 iuuenis·
976 2229 1078 2280 barbam
1095 2247 1195 2295 pascere
1211 2233 1304 2297 coepit,
1321 2240 1346 2281 et
1362 2232 1451 2280 deinde
1469 2235 1528 2281 bene

388 2321 428 2363 set
439 2313 582 2377 perferens,
603 2313 705 2358 Ameria
722 2311 748 2357 ai
764 2309 936 2374 diffunditari
976 2313 1050 2359 sirit.
1067 2312 1149 2362 Filius
1166 2320 1249 2361 autem
1266 2313 1329 2361 Albi
1345 2312 1526 2370 calamitatem,

387 2392 519 2441 arsetes.
546 2389 674 2438 Lucienus
683 2387 793 2437 Teneris
813 2389 851 2435 13.
868 2386 935 2436 isre-
976 2405 1022 2438 sua
1046 2391 1093 2440 sibi
1109 2392 1183 2454 culpa
1199 2398 1362 2449 contractam,
1379 2393 1463 2440 minus
1484 2407 1524 2440 ee·

388 2469 538 2535 μιμνήσκων
546 2468 584 2518 ἀεὶ
601 2471 653 2516 τῶν
665 2467 813 2531 προγόνων,
829 2466 872 2518 καὶ
890 2476 934 2531 φα·
977 2469 1072 2532 pientes
1092 2469 1193 2519 ferebat.
1231 2471 1294 2519 Erat
1318 2469 1415 2518 infelix.
1449 2471 1525 2519 Bent-

386 2550 493 2598 λάττειν
510 2544 712 2611 παραγγέλλων,
734 2546 751 2592 ἃ
777 2545 841 2609 μετὰ
867 2545 934 2593 πολ·
976 2546 1039 2596 leius
1060 2548 1096 2596 ita
1117 2550 1210 2612 pergit:
1237 2549 1357 2599 Horatius
1378 2550 1405 2597 in
1421 2564 1525 2613 sequen·

386 2628 441 2677 λῶν
456 2625 578 2690 καμάτων
595 2624 608 2673 ὁ
625 2625 711 2687 πατὴρ
729 2623 800 2686 αὐτῷ
811 2622 934 2687 κτησάμε·
976 2626 1042 2676 tibus
1059 2630 1160 2676 unicum
1177 2629 1297 2690 cuiusque
1313 2628 1369 2677 vitii
1380 2630 1525 2692 exemplum

386 2725 434 2765 νας
451 2704 596 2755 κατέλιπεν.
631 2704 686 2752 Hoc
707 2717 739 2752 ne
760 2703 880 2750 Horatius
900 2701 935 2750 fs·
976 2707 1525 2768 ponit,amorismeretriciiSeetuuum,adul-

387 2792 464 2844 eeret,
481 2790 551 2847 pater
566 2782 675 2846 optabat.
976 2785 1032 2833 terii
1059 2787 1220 2844 Trebonium,
1247 2793 1275 2834 ut
1301 2787 1466 2850 incongruum
1491 2789 1525 2838 sit

421 2865 512 2911 Nouae
527 2854 606 2919 uides,
623 2861 684 2909 Albi
700 2865 731 2907 ut
739 2859 804 2907 orele
821 2859 891 2906 vivet
900 2859 935 2921 fi·
975 2864 1145 2928 prodigentiae
1161 2866 1220 2914 bina
1236 2866 1352 2928 exempla
1373 2867 1442 2925 dari,
1460 2868 1524 2917 Albi

386 2945 536 3005 immaturae
567 2942 672 2990 Burrus
687 2938 780 3000 inops?
807 2937 934 2986 Bentleius
976 2942 1057 2991 filiurn
1074 2951 1099 2992 et
1114 2946 1232 2994 Barrum.
1258 2944 1524 3004 Horatius,nifaller,

385 3022 500 3071 coniicit:
517 3021 602 3070 Panis
618 3022 699 3082 inops.
716 3016 785 3067 Cur?
800 3018 860 3081 quia
870 3021 936 3066 mole
976 3022 1026 3069 duo
1044 3022 1103 3071 vitia
1119 3025 1201 3086 ponit,
1218 3026 1402 3087 prodiyentiam
1423 3032 1448 3073 et
1464 3027 1523 3074 libi-

385 3104 467 3152 aiuere
481 3108 507 3150 et
522 3103 621 3163 inopem
645 3113 699 3148 esse
720 3114 798 3146 unum
820 3099 935 3159 idemque
975 3102 1073 3162 dinem,
1084 3103 1194 3151 diversos
1206 3103 1307 3153 effectus
1323 3106 1452 3169 utriusque
1468 3106 1525 3155 vitii

385 3181 534 3244 significant.
572 3178 622 3229 Sed
644 3176 814 3228 maeviam
836 3190 935 3242 quoqne
975 3185 1059 3237 notat,
1083 3182 1253 3244 prodigentiae
1280 3183 1307 3232 in
1331 3184 1394 3233 Albi
1419 3185 1474 3232 filio
1499 3191 1525 3234 et

385 3258 509 3322 signifieat
525 3257 587 3315 alie,
609 3264 639 3304 ut
659 3257 738 3305 αιααὶα
754 3269 807 3304 esee
822 3271 934 3304 eonsum-
975 3258 1069 3315 Burro,
1091 3259 1203 3309 libidinis
1219 3263 1245 3310 in
1262 3262 1368 3312 Soetano
1384 3271 1409 3311 et
1430 3263 1525 3313 meso·

387 3337 629 3402 tum,prae1nisera
644 3334 935 3396 tabeviseieere,quod
975 3334 1024 3383 nio.
1057 3336 1138 3387 Filius
1155 3339 1218 3388 Albi
1239 3341 1305 3390 male
1327 3342 1441 3400 vivebat,
1462 3344 1525 3392 Bar-

384 3419 448 3469 bene
464 3419 495 3466 de
511 3431 542 3466 eo
557 3416 689 3472 diceretur,
706 3413 749 3477 qui
763 3412 832 3462 omni
843 3425 934 3474 genere
975 3428 1017 3462 rus
1042 3416 1143 3466 vivebat
1166 3419 1251 3483 inops,
1278 3421 1397 3471 Seetanus
1419 3424 1526 3486 turpiter

384 3496 588 3560 intemperantiae
605 3493 773 3543 valetudinem
783 3493 934 3555 perdidit,et
975 3493 1081 3552 amabat,
1098 3497 1236 3547 Trebonius
1253 3500 1396 3563 periculose.
1422 3502 1460 3549 At
1471 3519 1524 3551 αια-

384 3579 431 3627 vix
450 3577 546 3626 ossibus
560 3575 652 3623 haeret.
677 3573 777 3622 Lucret.
793 3571 843 3619 IV.
862 3571 933 3622 1160.
974 3589 1050 3634 enum
1059 3577 1245 3638 documentum,
1258 3581 1524 3639 aitBentleius,eom·

385 3655 489 3719 Ἰσχνὸν
501 3652 637 3718 ἐρωμένων
654 3658 709 3722 turn
715 3651 766 3712 fit,
783 3665 839 3698 cunr
852 3653 935 3700 visere
975 3654 1047 3702 mode
1065 3655 1095 3704 de
1112 3670 1163 3705 uno
1179 3659 1295 3722 exemplo
1306 3660 1408 3708 dicitur:
1425 3661 1456 3708 de
1468 3660 1524 3724 plu-

385 3735 500 3796 amque
517 3732 682 3781 Preemueie.
691 3730 768 3779 Tales
776 3729 935 3793 appellantur
975 3732 1042 3781 ribus
1064 3737 1212 3785 moererentur
1233 3739 1314 3800 potius
1336 3738 1447 3787 dixisset.
1471 3742 1524 3790 De·

384 3814 429 3862 eia
444 3813 504 3861 aiei.
524 3808 652 3859 Lucilius:
670 3811 714 3858 uis
730 3812 786 3858 uiuo
803 3809 935 3858 lumiuiac
974 3819 1129 3873 rumentum,
1155 3816 1239 3873 credo,
1264 3831 1315 3865 uon
1337 3818 1368 3864 ad
1398 3817 1524 3878 homines,

384 3903 574 3952 menopramme.
596 3886 669 3938 Ovio.
686 3889 744 3937 Art.
761 3887 798 3936 11.
815 3887 872 3936 660.
891 3890 935 3937 stt
975 3893 1018 3940 sed
1035 3893 1067 3940 ad
1084 3892 1159 3951 illud,
1177 3896 1242 3957 quod
1263 3895 1402 3945 homiuibus
1425 3897 1525 3957 accidit,

383 3968 591 4031 peremptorie
604 3983 669 4032 quae
682 3969 749 4017 male
762 3969 932 4017 meueuueet.
974 3970 1087 4020 refertur.
1125 3974 1166 4021 Ita
1191 3975 1377 4034 documentum,
1400 3977 1524 4026 indicium

384 4049 432 4099 His
454 4046 574 4110 exemplis
591 4047 670 4096 utitur
687 4046 794 4097 Salmas.
815 4047 847 4095 ad
872 4046 933 4096 Ter·
971 4051 1114 4113 saepissime
1137 4053 1290 4100 antecedenti
1307 4053 1401 4116 plurali
1417 4055 1522 4104 subiun-

383 4128 439 4178 tuli
455 4129 486 4178 de
502 4125 586 4176 Pellio
602 4141 625 4190 p.
639 4126 694 4186 196,
711 4127 755 4189 qui
769 4126 800 4174 de
811 4124 933 4175 Chamae-
972 4128 1048 4190 gitur.
1067 4129 1176 4180 Sueten..
1194 4131 1302 4194 Vespas.
1316 4135 1338 4183 1.
1356 4135 1524 4184 Leeusetiem

383 4208 465 4257 leonte
481 4208 592 4256 dixerat:
609 4207 633 4255 si
646 4207 769 4270 pelliculo
785 4208 856 4255 eicit.
882 4206 933 4256 Sed
971 4208 999 4254 iu
1020 4223 1116 4259 rumore
1142 4217 1224 4260 mente
1244 4213 1392 4274 appelletur
1429 4215 1523 4275 Vespa·

384 4289 450 4336 mele
465 4289 548 4337 viuere
562 4285 687 4349 signifieat
699 4299 797 4349 quoque
806 4286 932 4349 infelicem
971 4287 1036 4345 moe,
1062 4290 1105 4338 ubi
1126 4290 1305 4352 Vespasiorum
1325 4292 1456 4354 complura
1473 4305 1524 4341 me·

383 4368 478 4425 meere,
498 4372 528 4414 ut
547 4365 615 4414 filius
639 4365 701 4415 Albi
722 4365 807 4414 vivere
823 4370 932 4429 poterat,
970 4372 1092 4416 numento
1114 4373 1232 4424 exstant,
1260 4383 1377 4431 ompuum
1399 4369 1524 4418 umidum

383 4446 479 4509 perdita
501 4445 600 4506 quidem
617 4459 644 4493 re
660 4444 753 4506 patria,
770 4445 813 4492 sed
830 4459 880 4492 non
897 4445 931 4493 ita
970 4445 1110 4506 splendoris
1120 4446 1242 4510 familior
1253 4452 1278 4495 et
1289 4448 1429 4496 vetustatis.
1447 4447 1523 4496 Bent-
