3542 5634
822 547 1176 613 SATIRARUM

474 733 626 800 Audaces
649 754 738 799 mare
761 734 818 818 qui
840 739 986 816 currunt,
1011 735 1071 800 hac
1094 734 1205 798 mente
1228 731 1372 798 laborem

476 835 554 902 Sese
577 837 679 919 ferre,
704 858 798 902 senes
820 840 859 900 ut
881 836 917 900 in
941 837 1009 902 otia
1033 841 1106 902 tuta
1128 834 1299 918 recedant,

474 938 597 1023 Aiunt,
622 962 724 1025 quum
749 939 813 1005 sibi
836 939 905 1005 sint
928 945 1084 1026 congesta
1107 938 1244 1005 cibaria:
1270 937 1356 1003 sicut

476 1041 634 1124 Parvula,
658 1065 737 1107 nam
761 1042 911 1127 exemplo
935 1050 1003 1125 est,
1027 1042 1141 1132 magni
1164 1040 1300 1106 formica
1321 1040 1459 1122 laboris,

476 1144 540 1210 Ore
562 1146 666 1211 trahit
688 1146 916 1232 quodcumque
938 1152 1068 1234 potest,
1093 1151 1192 1232 atque
1216 1143 1309 1210 addit
1332 1165 1464 1225 acervo,

475 1247 581 1327 Quem
604 1249 719 1331 struit,
743 1249 833 1329 haud
855 1249 988 1334 ignara,
1014 1272 1051 1314 ac
1074 1271 1141 1313 non
1165 1249 1298 1313 incauta
1321 1247 1434 1312 futuri.

476 1351 584 1434 Quae,
609 1352 709 1417 simul
732 1351 900 1418 inversum
923 1353 1099 1418 contristat
1121 1349 1287 1436 Aquarius
1312 1371 1453 1432 annum,

475 1455 551 1520 Non
575 1477 715 1541 usquam
737 1455 882 1541 prorepit
905 1461 939 1520 et
961 1455 1029 1520 illis
1055 1455 1161 1520 utitur
1183 1459 1260 1519 ante

477 1556 642 1635 Quaesitis
666 1557 814 1643 sapiens,
839 1580 940 1643 quum
965 1563 997 1623 te
1020 1579 1125 1644 neque
1146 1557 1290 1622 fervidus
1314 1561 1424 1620 aestus

477 1661 659 1726 Demoveat
680 1661 789 1744 lucro,
814 1683 920 1748 neque
943 1661 1068 1739 hiems,
1093 1660 1199 1746 ignis,
1223 1682 1327 1742 mare,
1352 1659 1489 1740 ferrum,

431 1777 613 1825 iurisconsultis
633 1793 777 1840 reapmuam
792 1786 817 1826 et
831 1780 979 1841 supendere
1020 1777 1146 1826 consultus
1160 1779 1251 1825 vendit.
1280 1777 1326 1825 Est
1340 1783 1463 1824 mercatus
1472 1788 1575 1837 respon.

430 1868 505 1903 namo
520 1855 627 1918 ignorat.
660 1857 765 1906 Veteres
781 1857 821 1905 illi
837 1858 863 1904 in
880 1873 978 1921 respon·
1020 1873 1111 1906 sorum.
1145 1857 1268 1906 Venditnr
1296 1869 1369 1917 saepe
1406 1855 1469 1903 falsa
1506 1854 1572 1903 veris

430 1934 511 1982 dendo
526 1935 668 1996 spectabant
683 1935 801 1983 honorem
812 1941 837 1983 et
847 1936 979 1986 utilitatem
1021 1937 1154 1995 immiscet,
1172 1943 1200 1982 ut
1216 1949 1294 1997 caupo
1310 1948 1400 1996 aquam
1417 1936 1483 1982 vino.

430 2013 550 2069 civitatis,
567 2013 612 2060 alii
628 2013 716 2061 deinde
732 2028 803 2062 suam
819 2015 922 2064 minime
938 2030 979 2064 ne·
1043 2016 1109 2080 ‚Alii
1134 2021 1238 2062 utuntur
1258 2013 1403 2061 auctoritate
1427 2014 1571 2070 Emesena,

430 2091 571 2154 gligebant‚
592 2092 643 2140 imo
657 2093 732 2159 unice·
747 2092 797 2141 fere
813 2092 883 2141 lucro
899 2095 979 2142 stude·
1022 2110 1035 2144 e
1056 2097 1133 2144 Maxs
1151 2094 1224 2158 Tyrii
1246 2093 1350 2142 Dissert.
1369 2092 1405 2140 X.
1428 2099 1524 2154 gratam
1540 2091 1571 2138 il-

430 2167 498 2217 bant.
525 2168 615 2218 Noster
631 2177 696 2219 certe
713 2171 852 2228 consultus,
869 2178 897 2219 nt
914 2173 980 2233 socii,
1022 2175 1073 2222 lam
1089 2173 1267 2237 negligentiam
1286 2171 1449 2228 defendentis,
1468 2185 1572 2233 eamque

431 2247 519 2309 quibus
530 2248 650 2296 Horatius
661 2250 769 2307 addidit,
784 2251 858 2298 rebus
869 2251 920 2297 suis
931 2265 980 2299 non
1022 2255 1054 2300 ad
1062 2252 1144 2300 locum
1154 2252 1253 2300 Horatii
1262 2250 1439 2312 explicandum
1449 2249 1570 2303 referunt:

349 2319 351 2322 ⁴
430 2333 484 2374 erat
500 2333 641 2384 contentus,
662 2335 687 2376 et
704 2328 814 2375 laborem
831 2328 936 2386 ferebat,
954 2336 982 2376 nt
1023 2347 1069 2395 ego
1086 2339 1141 2379 utar
1159 2332 1268 2380 eiusdem
1285 2331 1357 2379 Max.
1370 2329 1443 2391 Tyrii
1455 2329 1572 2391 exemplo

99 3515 361 3565 W

430 2417 508 2451 senex
524 2404 552 2450 in
573 2405 623 2452 otia
643 2412 696 2452 tuta
716 2407 847 2454 recederet·
881 2405 980 2469 Cogitu-
1023 2426 1036 2460 e
1056 2411 1161 2460 Dissert.
1179 2411 1212 2458 V.
1230 2412 1261 2457 erl
1278 2409 1486 2465 confirmandmn,
1503 2410 1574 2471 quod

431 2480 473 2528 bat
488 2480 544 2538 ille,
560 2483 626 2546 qnod
642 2490 679 2531 est
693 2484 759 2546 apud
770 2484 890 2534 Plautum
902 2487 979 2535 Merc.
1022 2491 1176 2538 divinabam:
1193 2490 1305 2552 responsi
1321 2491 1361 2536 bt'c
1377 2503 1464 2548 caupo.

430 2558 481 2610 111.
499 2573 527 2608 11.
545 2560 568 2610 7.
603 2563 751 2612 Adolescens
773 2578 829 2611 cum
845 2567 894 2626 sia,
913 2571 979 2628 tunt,

1055 2571 1104 2620 Ille
1130 2569 1268 2618 Horatiana
1289 2575 1346 2615 ante
1368 2566 1451 2616 oculos
1473 2565 1572 2622 habuit,

429 2643 761 2704 conclamantum,
779 2643 980 2708 Reituaequue·
1022 2651 1150 2713 quodiam
1163 2648 1336 2696 animadvertit
1365 2647 1504 2694 Marcilius.
1520 2647 1572 2694 Ne·

429 2719 523 2767 rendae
533 2721 647 2768 conumit
657 2736 758 2782 operam
776 2723 850 2773 aare:
869 2727 980 2774 Demum'
1022 2743 1069 2794 que
1086 2731 1132 2778 hoo
1148 2729 1261 2791 cuiquam
1279 2728 1370 2775 mirum
1387 2726 1517 2784 videbitur,
1528 2726 1573 2788 qui

430 2795 522 2857 igitur,
543 2811 599 2846 cum
620 2812 694 2846 σοιου
715 2801 762 2856 aia,
780 2805 841 2849 tuuc
856 2803 883 2850 in
901 2806 979 2852 otium
1021 2808 1124 2871 cogitet,
1145 2815 1169 2856 et
1186 2807 1236 2856 alia
1252 2807 1333 2856 multa
1348 2820 1401 2854 esse
1419 2805 1572 2854 Graecorum

432 2875 469 2922 Te
485 2874 595 2924 colloces.
625 2876 695 2939 Ergo
724 2882 914 2940 couponubotur
943 2898 979 2931 re·
1022 2888 1125 2936 Latinos
1143 2887 1292 2935 imitantium
1317 2885 1445 2948 exempla,
1470 2892 1494 2933 et
1519 2885 1573 2946 Ty-

430 2966 560 3015 aponsnm,
572 2958 683 3018 responsi
694 2959 733 3006 sni
744 2966 797 3006 erat
808 2974 893 3021 caupo.
915 2961 979 3008 Οαυ-
1021 2967 1087 3014 rium
1096 2965 1170 3014 fnisse
1179 2973 1360 3029 praeceptorem
1370 2964 1482 3014 Caesaris
1491 2965 1573 3012 Marci

428 3035 568 3093 ponerint
588 3034 734 3084 Ennianum
757 3037 821 3086 illud
838 3054 979 3100 cauponae·
1022 3045 1129 3094 Aurelii.
1171 3044 1292 3093 Aurelius
1325 3045 1457 3092 Horatium
1487 3059 1573 3093 amare

431 3116 468 3158 tea
490 3113 592 3171 bellum,
617 3114 711 3162 bellum
737 3116 801 3164 lucri
826 3133 913 3166 caussa
939 3134 979 3182 ge·

430 3197 523 3250 rentes;
545 3207 624 3255 caupo
645 3195 764 3244 translate
786 3199 851 3259 apud
873 3199 979 3248 Tertull.

431 3267 519 3316 Anim.
544 3271 567 3318 3.
601 3272 733 3334 Caupoaer
750 3277 890 3335 supientiae
905 3283 981 3339 utque

370 3352 374 3355 “
424 3347 580 3406 facundiae:
598 3346 730 3399 Claudiam.
742 3351 768 3398 in
778 3352 882 3416 Eutrop.
893 3354 913 3403 Ι·.
926 3355 979 3406 197.

432 3425 476 3473 boc
492 3430 562 3473 certa
569 3430 691 3488 proponit
703 3445 781 3479 nterce
790 3433 922 3481 locandum
935 3437 980 3483 Iu·

431 3503 508 3550 scitor
531 3503 645 3566 imperit,
669 3523 749 3572 caupo
767 3510 884 3572 famosus
909 3515 980 3563 bono·

431 3596 496 3628 rum.
514 3580 607 3630 Graece
616 3585 639 3632 oi
649 3589 880 3652 πραγματευόμενοι
885 3592 933 3649 τὴν
940 3610 980 3641 σο-

433 3657 502 3719 μίαν.
517 3659 585 3706 Nam
595 3661 710 3719 κάπηλος
722 3670 761 3710 est
773 3670 979 3730 πραγματευτὴς.

1022 3124 1139 3172 didicerat
1152 3140 1166 3171 a
1178 3125 1311 3173 Frontone.
1334 3123 1414 3184 Quem
1427 3123 1571 3186 scriptorem

1022 3211 1089 3252 amat
1105 3203 1207 3259 Caesar,
1229 3203 1249 3248 is
1273 3217 1323 3250 non
1345 3203 1444 3265 ignotus
1461 3217 1513 3250 esse
1529 3217 1573 3266 pc-

1021 3291 1085 3331 terat
1100 3284 1227 3345 magistro.
1262 3282 1367 3346 Tyrius:
1392 3284 1434 3330 καὶ
1458 3281 1521 3340 ἴδοις
1539 3283 1574 3334 ἂν
1670 3345 1673 3354 .

1022 3361 1068 3408 τὸν
1088 3362 1135 3424 μὲν
1159 3360 1293 3423 γεωργικὸν
1314 3359 1486 3424 μακαρίζοντα
1511 3367 1573 3418 τοὺς

1022 3439 1150 3498 ἀστικούς,
1174 3439 1207 3495 ὡς
1229 3439 1365 3495 συνιόντας
1382 3439 1419 3500 τῷ
1433 3437 1484 3502 βίῳ
1501 3455 1573 3502 χαρι-

1022 3519 1075 3568 ἐντι
1091 3520 1131 3567 καὶ
1149 3520 1260 3582 ἀνθηρῶ.
1279 3520 1338 3576 τοὺς
1355 3518 1380 3566 δὲ
1397 3518 1451 3566 ἀπὸ
1468 3523 1520 3567 τῶν
1536 3519 1573 3566 ἐκ·

1022 3597 1134 3656 κλησιῶν
1150 3597 1190 3645 καὶ
1209 3601 1260 3646 τῶν
1276 3595 1443 3659 δικαστηρίων
1458 3597 1573 3654 καὶτοὺς

1024 3676 1093 3724 πάνυ
1103 3675 1130 3724 ἐν
1145 3675 1232 3732 αὐτοῖς
1246 3673 1389 3738 εὐδοκίμους
1404 3673 1574 3746 ὀδυρομένους

433 3734 528 3783 Eadem
552 3744 590 3785 est
614 3739 678 3788 ratio
703 3741 729 3787 in
754 3741 830 3791 verbo
851 3748 979 3795 cmdcudi.

1023 3756 1054 3803 τὰ
1065 3753 1162 3816 αὐτῶν,
1177 3755 1217 3801 καὶ
1233 3752 1383 3817 εὐχομένους
1395 3753 1436 3801 ἐπὶ
1451 3753 1574 3818 orandun

433 3810 527 3859 Seneca
543 3814 616 3863 Herc.
638 3817 700 3865 Fur.
719 3820 774 3870 172.
790 3821 833 3869 nbi
850 3822 934 3871 itidem
945 3824 980 3874 lo.

468 3889 474 3899 ·
1021 3832 1115 3894 βιῶναι
1139 3834 1181 3881 καὶ
1207 3831 1284 3896 γηδίῳ
1309 3833 1416 3895 σμικρῷ.
1459 3831 1572 3890 Deinde,

432 3896 517 3952 qurtur
533 3893 564 3940 de
580 3895 655 3942 variis
666 3897 794 3948 hominum
805 3902 904 3950 studiis:
927 3905 981 3954 Hic
1022 3911 1105 3960 multis
1122 3910 1267 3967 interiectis,
1284 3910 1371 3973 repetit
1388 3910 1433 3959 τὸν
1450 3909 1478 3958 lv
1491 3909 1573 3976 ἡδονῇ

431 3972 533 4019 curmusi
549 3975 650 4022 rabiosa
665 3978 726 4038 sori
759 3981 853 4044 Iurgia
874 3985 980 4032 vendens
1022 3990 1172 4054 τηκόμενον,
1188 3990 1234 4038 τὸν
1248 3989 1275 4037 ἐν
1286 3990 1320 4052 γῇ
1336 3987 1507 4052 πονούμενον,
1523 3991 1572 4038 τὸν

430 4051 570 4112 improbus,
586 4055 642 4103 iras
668 4058 705 4106 Et
722 4061 796 4108 υστοιι
812 4063 884 4111 locut.
912 4063 980 4112 Mar·
1021 4067 1048 4116 ἐν
1069 4067 1211 4128 ἐκκλησίαις
1231 4067 1346 4129 βοῶντα,
1369 4067 1415 4115 τὸν
1437 4066 1466 4114 ἐν
1483 4065 1570 4116 δικασ-

430 4129 482 4178 tial.
501 4130 534 4178 V.
561 4134 598 4181 16.
635 4137 701 4186 Nam
721 4140 750 4202 ei,
758 4139 879 4204 falcifer-l
898 4142 980 4205 defen·
1021 4148 1113 4211 τηρίοις
1143 4146 1290 4210 φυρόμενον·
1341 4146 1392 4207 QUl
1415 4150 1492 4194 “llam
1517 4148 1570 4196 ΗΟ·

429 4210 487 4258 dere
507 4214 600 4274 templa
616 4219 738 4277 tonantis,
760 4221 928 4284 Sollicitisque
943 4238 981 4271 υο-
1021 4226 1078 4272 ratii
1100 4226 1288 4288 disputationem
1307 4232 1419 4274 accurate
1436 4227 1570 4288 expressit,

431 4289 475 4335 lim
492 4293 596 4341 uenam
611 4298 754 4356 uerboreic,
771 4301 907 4350 Plurimus
917 4303 979 4350 His·
1021 4311 1048 4350 ut
1070 4305 1266 4368 comparantibus
1289 4305 1424 4367 apparebit·
1447 4305 1491 4353 ille
1513 4321 1570 4369 1³10·

429 4383 511 4426 ponas
527 4372 610 4420 millet
626 4376 781 4425 mutuante
793 4381 979 4430 nzetretas.1ta
1021 4380 1083 4430 fecto
1103 4383 1143 4431 hic
1163 4398 1213 4432 non
1235 4384 1298 4432 vidit
1318 4401 1453 4446 cauponem
1470 4387 1513 4434 sed
1530 4389 1570 4434 ιἰι-

430 4448 561 4498 causn'tlicz‘
576 4451 734 4502 ditescebant.
769 4455 864 4506 Omitto
886 4477 978 4517 curere,
1020 4462 1209 4520 ιιιοοναυῑιυοι,
1234 4463 1281 4511 hoc
1310 4470 1346 4511 est
1371 4479 1506 4528 cauponem
1531 4481 1569 4515 re·

431 4527 549 4585 mercori,
572 4531 670 4579 similia.
704 4533 744 4581 Ita
760 4536 886 4585 consultor
906 4540 977 4598 emit,
1021 4541 1117 4601 sponei,
1131 4548 1159 4588 ut
1167 4541 1285 4590 Horatius
1299 4543 1440 4591 contemtim
1450 4543 1573 4607 appellat⁸¹
