3542 5634
798 476 1143 544 SATIRARUM

449 669 621 756 Crispinus
644 666 783 731 minimo
806 687 859 730 me
882 668 1056 750 provocat:
1090 660 1254 746 „Accipe,
1280 658 1309 724 si
1332 658 1398 735 vis3

448 772 620 858 Accipiam
643 769 773 835 tabulas
780 795 789 847 3
814 768 910 834 detur
933 766 1027 832 nobis
1051 766 1157 849 locus,
1182 765 1276 846 hora,

448 875 627 951 Custodes3
650 871 837 953 videamus,
860 875 935 952 uter
957 869 1032 954 plus
1058 867 1196 934 scribere
1219 865 1359 951 possit.“

451 980 495 1043 Di
518 978 600 1044 bene
623 976 786 1056 fecerunt,
810 972 919 1057 inopis
942 993 996 1036 me
1019 971 1169 1056 quodque
1192 968 1307 1054 pusilli

450 1081 634 1145 Finxerunt
657 1076 778 1158 animi,
802 1097 874 1140 raro
898 1079 932 1139 et
958 1095 1120 1159 perpauca
1142 1070 1317 1157 loquentis.

451 1185 498 1248 At
521 1189 558 1248 tu
582 1180 752 1247 conclusas
776 1177 911 1244 hircinis
935 1176 1074 1242 follibus
1099 1197 1194 1245 auras

451 1287 565 1371 Usque
587 1285 792 1364 laborantes,
816 1281 898 1346 dum
920 1280 1042 1345 ferrum
1067 1279 1198 1344 molliat
1222 1277 1325 1363 ignis,

453 1389 501 1455 Ut
524 1386 648 1468 mavis,
673 1384 811 1449 imitare.
860 1383 982 1450 Beatus
1007 1381 1155 1448 Fannius
1179 1380 1266 1446 ultro

453 1489 581 1556 Delatis
604 1486 712 1572 capsis
735 1495 769 1552 et
791 1485 952 1571 imagine,
977 1508 1079 1571 quum
1102 1506 1176 1550 mea
1198 1505 1294 1549 nemo

408 1629 493 1684 aaut,
518 1642 597 1690 neque
618 1642 648 1675 ea
672 1626 817 1688 quaquam,
841 1624 956 1671 uiridia
999 1621 1029 1671 sa·
1044 1625 1107 1672 istac
1124 1621 1358 1678 meaaraaataeria,
1375 1619 1544 1678 altamepro-

410 1707 567 1769 inultumque
577 1704 750 1768 scriptitarit,
767 1702 957 1750 atamucete·
997 1707 1091 1751 uocato.
1125 1699 1175 1750 Sed
1192 1698 1318 1764 sperabat,
1334 1697 1544 1758 credaprovoca-

410 1785 564 1833 mestissima
585 1798 612 1832 ae
632 1785 660 1830 iu
677 1783 715 1830 his
731 1782 824 1830 subitis
840 1781 956 1829 dictioni-
998 1785 1050 1840 tor,
1071 1795 1098 1829 se
1119 1793 1236 1828 versuum
1256 1793 1353 1844 quoque
1368 1777 1477 1826 bonitate
1492 1775 1545 1826 sore

410 1866 457 1911 bue
481 1862 635 1918 exercuerit,
660 1865 831 1922 consequetur.
870 1856 959 1906 Cicero
998 1859 1165 1922 superiorem:
1191 1860 1256 1922 quod
1282 1865 1364 1906 sutem
1389 1856 1545 1905 coniecturae

410 1941 489 2004 igitur
506 1941 577 1990 valde
594 1943 742 1990 curabatur
758 1945 787 1986 ut
803 1939 858 2002 quia
869 1936 957 1986 scribe·
998 1936 1079 2000 tnagis
1096 1937 1188 1996 obstat,
1204 1937 1251 1986 hoe
1262 1943 1311 1985 est:
1329 1935 1461 2000 Crispinus
1473 1935 1545 1984 dicit:

410 2022 585 2077 retundam,
608 2019 727 2068 Horatius
748 2020 787 2067 uit
802 2021 958 2066 morabatur.
1000 2018 1128 2065 videamus
1155 2022 1213 2066 uter
1238 2017 1299 2078 plus
1325 2017 1433 2065 acribus
1459 2015 1545 2076 possit.

411 2100 446 2148 Et
466 2107 551 2147 tamen
572 2097 716 2148 Ciceronem
739 2097 872 2161 diligenter
892 2097 958 2160 lege·
999 2094 1066 2143 Hine
1086 2110 1189 2144 numero
1206 2107 1386 2157 supervacuum
1402 2100 1447 2142 est.
1481 2092 1546 2140 Mihi

411 2177 465 2234 bat,
482 2192 589 2240 eumque
605 2192 689 2240 saepe,
711 2190 767 2224 cum
785 2176 840 2234 hic,
861 2182 916 2222 tum
933 2174 959 2221 in
998 2175 1026 2222 in
1051 2182 1159 2223 mentem
1185 2175 1265 2224 venit:
1290 2175 1405 2236 Crispini
1427 2174 1546 2221 minimus

366 2294 368 2297 .
411 2254 466 2302 aliis
482 2254 555 2312 locis,
571 2255 689 2303 imitatur.
711 2253 824 2316 Scripsit,
834 2255 861 2302 ni
873 2254 959 2302 fallor:
1000 2270 1038 2304 ate
1048 2261 1176 2316 provocat.
1198 2254 1278 2304 Filius
1292 2252 1415 2314 Crispini,
1429 2251 1546 2300 natumi-

411 2350 472 2381 aam
488 2342 518 2381 ut
535 2335 629 2388 oculta,
646 2335 713 2383 nihil
730 2349 818 2383 maror.
842 2333 960 2382 Fortasse
1000 2334 1091 2382 nimus.
1132 2335 1192 2383 Nou
1216 2347 1276 2382 vero
1302 2331 1381 2380 simile
1408 2338 1446 2378 est
1465 2331 1546 2394 ipsum

412 2418 437 2458 et
454 2410 640 2460 Commentator
657 2412 693 2459 sic
710 2412 784 2460 vidit:
803 2412 877 2471 „Non
894 2411 959 2460 labo·
1000 2421 1096 2478 patrem
1115 2413 1275 2478 Crispinum,
1300 2411 1360 2461 adeo
1379 2409 1548 2474 philosophiae

412 2496 451 2539 rat
471 2495 500 2537 ιιι
521 2497 587 2538 recte
609 2490 737 2550 scriberet,
759 2491 802 2538 sed
824 2497 852 2538 ut
872 2489 959 2538 multa.
1001 2494 1120 2553 deditum,
1128 2507 1286 2557 quamquam,
1296 2497 1323 2540 ut
1332 2490 1483 2541 scholiastae
1491 2503 1548 2536 nar·

413 2568 487 2629 Quod
502 2582 554 2617 non
570 2583 636 2632 nego
651 2584 732 2633 neque
744 2569 852 2618 diffiteor
863 2569 961 2618 facilem
1000 2580 1069 2630 rant,
1094 2573 1280 2636 Philosophiam
1306 2571 1414 2622 Stoicam
1436 2568 1549 2617 versibus

415 2648 442 2709 (l.
447 2649 539 2711 facilc)
552 2649 642 2707 fuisse,
652 2650 696 2696 sed
706 2662 757 2696 uon
767 2647 867 2710 probo.“
884 2648 962 2698 Recte
1001 2652 1175 2715 explicaverit,
1192 2651 1266 2700 simul
1283 2657 1378 2698 tantam
1392 2648 1429 2696 rei
1439 2647 1550 2711 potitium

406 2726 513 2790 facilem
536 2728 564 2775 iu
580 2726 673 2775 scholio
693 2726 813 2775 Aesonis:
835 2727 918 2784 „Nem
935 2728 962 2775 in
1001 2746 1102 2794 operam
1118 2733 1226 2790 dedisse,
1249 2739 1277 2779 ut
1299 2731 1397 2793 potitam
1416 2742 1550 2791 provocare

412 2804 521 2854 multum
537 2805 666 2854 scribendo
682 2820 732 2854 non
744 2804 850 2854 diffiteor
865 2805 961 2855 facilem
1002 2811 1116 2868 auderet,
1134 2818 1190 2860 uter
1206 2811 1287 2859 subito
1297 2808 1381 2872 plures
1393 2821 1479 2856 versus
1490 2809 1550 2856 scri·

414 2883 514 2933 Iuisse.“
530 2898 619 2947 nempe
636 2885 768 2934 Lucilium.
1002 2890 1059 2939 bere
1075 2897 1163 2954 posset.
1197 2889 1316 2938 Horatius
1333 2901 1389 2936 eum
1406 2887 1446 2935 hie
1462 2886 1552 2936 nudet

451 2963 588 3026 Crispinus
604 2965 706 3013 aiiaima
721 2971 898 3027 uiepravocat.
914 2965 962 3014 Lo·
1002 2970 1029 3018 in
1053 2969 1117 3028 filio,
1143 2969 1245 3016 iuventa
1269 2967 1359 3025 calido,
1385 2972 1409 3013 et
1433 2966 1551 3028 spiritum

414 3056 458 3089 cus
474 3041 590 3091 difficilis.
624 3043 712 3092 Heins.
724 3043 868 3092 eoniiciebat
880 3046 961 3093 urimo.
1002 3049 1104 3098 hircinis
1121 3046 1219 3096 follibus
1237 3046 1343 3094 efflante.
1360 3046 1437 3094 Pater
1447 3045 1552 3094 omnino

414 3119 487 3181 Quod
503 3122 626 3183 quomodo
641 3121 747 3186 intelligi
758 3123 846 3182 vellet,
862 3138 913 3172 non
924 3138 962 3172 sa·
1003 3135 1056 3176 erat
1077 3128 1152 3175 homo
1174 3127 1286 3189 ineptus,
1307 3124 1350 3187 qui
1368 3123 1466 3171 laudem
1484 3124 1552 3172 docti

414 3200 447 3247 tls
464 3201 590 3263 perspicio.
623 3201 751 3250 Bentleius
767 3203 882 3266 putabat,
905 3217 962 3252 cum
1003 3207 1077 3256 stulte
1094 3207 1226 3255 affectaret.
1259 3205 1373 3254 Habebat
1384 3212 1408 3252 et
1420 3204 1552 3254 ianitorem

414 3278 468 3326 risu
490 3284 515 3325 et
530 3285 655 3327 contemtu
671 3286 697 3328 et
713 3281 900 3343 gesticulatione
917 3285 961 3330 nti·
1003 3286 1189 3350 philosophum,
1210 3293 1246 3342 et,
1268 3284 1310 3346 (ex
1327 3299 1383 3333 mes
1398 3285 1552 3347 coniectura)

415 3359 487 3406 mica.
514 3357 572 3420 Ipse
587 3358 649 3421 legit
665 3375 765 3409 aumoao
782 3376 819 3408 me
834 3367 963 3424 provocat,
1003 3364 1083 3414 filium
1093 3365 1310 3428 potitam,vauum
1323 3368 1348 3410 et
1358 3362 1489 3410 iactantiae
1500 3362 1553 3426 ple-

414 3436 486 3498 quasi
515 3449 608 3499 egenus
637 3445 662 3486 et
680 3440 821 3499 mendicus,
847 3441 891 3503 qui
912 3454 962 3488 nou
1004 3459 1072 3493 num.
1106 3443 1218 3493 Genitivi
1233 3456 1292 3490 usus
1310 3443 1337 3489 in
1353 3440 1443 3490 talibus
1454 3447 1492 3490 est
1503 3441 1555 3491 fre-

414 3515 509 3564 maiore
533 3517 651 3579 pignore,
675 3533 750 3580 quam
775 3534 826 3568 uuo
848 3537 962 3582 ηιιηνιιο,
1003 3538 1097 3587 quens,
1117 3529 1146 3570 ut
1168 3521 1209 3570 rel
1225 3522 1290 3584 apud
1307 3521 1440 3569 Horatium
1458 3522 1553 3570 Nouia·

415 3602 510 3642 certare
529 3595 643 3644 voluerit.
678 3596 758 3657 Quem
783 3600 902 3647 Horatius
927 3600 963 3648 sic
1003 3618 1061 3650 ram
1077 3599 1272 3659 rraiiror‚frater;
1287 3599 1422 3661 Crispinus
1435 3599 1554 3660 Crispini

415 3678 591 3732 provocantem
612 3674 740 3732 describit,
757 3675 813 3734 ille,
829 3678 915 3736 credo,
932 3679 962 3726 de
1003 3686 1031 3728 ut
1049 3681 1179 3728 Asdrubal
1198 3681 1367 3728 Hamilcaris.
1398 3678 1464 3727 Vide
1487 3678 1553 3728 Gro-

416 3749 519 3797 victoria
536 3765 585 3798 non
602 3752 709 3811 dubitat,
726 3761 750 3801 et
767 3763 910 3817 provocaret
921 3772 962 3820 po·
1003 3773 1060 3809 nov.
1077 3760 1109 3807 ad
1125 3759 1183 3808 Liv.
1198 3758 1331 3808 XXVIII.
1346 3761 1383 3808 12.
1400 3765 1425 3806 et
1436 3756 1554 3807 Oudend.

415 3828 465 3875 tius
485 3843 578 3891 magua
599 3831 716 3892 pecuniae
737 3847 845 3897 summa·
874 3836 962 3899 Neque
1004 3840 1035 3887 ad
1053 3838 1154 3888 Sueten.
1173 3837 1272 3886 Caesar.
1289 3839 1312 3886 l.

416 3906 547 3971 Crispinus
564 3918 618 3958 erut
628 3918 680 3959 tam
691 3926 797 3974 egenus,
814 3913 857 3976 qui
868 3914 908 3962 vel
919 3915 962 3962 ha·
1036 3919 1187 3968 Doderlinus
1200 3918 1365 3967 coniecturam
1382 3917 1497 3967 Horkelii
1511 3932 1551 3966 re·

416 3987 484 4036 beret
505 3989 647 4047 ianitorem,
673 3999 701 4040 ut
722 3998 760 4040 est
780 3993 806 4040 in
823 3992 907 4043 Satira
923 3995 961 4044 11.
1002 4000 1075 4062 cepit.

417 4081 466 4115 vrr.
483 4069 523 4116 95.
556 4069 690 4118 Horkelius
702 4077 792 4118 tentat:
810 4088 912 4122 auuuro
924 4090 962 4123 me
1036 4079 1123 4126 Detur
1138 4081 1209 4128 audis
1226 4081 1305 4136 locus,
1322 4080 1391 4126 bara.
1427 4075 1552 4139 Loquitur·

414 4154 546 4208 prouocat,
571 4148 617 4196 hoc
641 4156 678 4197 est
703 4164 820 4200 versuum
844 4168 960 4211 numero,
1003 4169 1071 4204 more
1084 4158 1284 4220 provocantium,
1301 4154 1466 4205 cumfiducia.
1489 4153 1553 4202 Plu-

415 4239 466 4272 non
483 4225 591 4274 bonitate
606 4229 756 4291 superiorem
773 4230 824 4278 fore
840 4232 961 4295 sperabat.
1003 4235 1081 4285 tarch.
1097 4236 1124 4283 in
1141 4237 1224 4285 Mario
1240 4237 1281 4286 25.
1314 4234 1417 4284 Baiorix
1434 4251 1550 4295 προυκα-

417 4301 565 4366 Eleganter,
591 4306 709 4356 dicerem:
738 4317 762 4357 et
789 4311 825 4358 sic
853 4311 960 4361 Plautus
1002 4314 1071 4363 λεῖτα
1086 4314 1245 4380 τὸνΜάριαν
1259 4313 1356 4378 ἡμέραν
1371 4312 1493 4377 ὁρίσαντα
1507 4313 1552 4360 καὶ

418 4382 495 4432 Stich.
506 4385 541 4432 V.
555 4399 602 4434 vn.
618 4389 638 4435 l.
676 4390 727 4446 Qui
744 4391 847 4439 Ionicus
863 4399 911 4440 aut
928 4393 961 4441 ci-
1003 4393 1085 4443 τόπον
1112 4395 1248 4458 προελθεῖν
1275 4394 1317 4442 καὶ
1350 4389 1553 4456 διαγωνίσασθαι

416 4463 546 4520 nuedicus,
566 4467 611 4525 qui
628 4467 672 4515 doc
689 4467 741 4514 tale
750 4467 840 4528 facere
853 4469 966 4531 possset?
1003 4473 1059 4535 περὶ
1076 4477 1122 4533 τῆς
1138 4471 1233 4536 χώρας.

1665 149 1675 770 l

1642 4703 1675 5422 ἃ
