3542 5634
650 507 695 570 11.
742 525 869 572 sumna
893 528 944 572 111.
1307 518 1367 581 191

232 693 335 756 plausus
353 690 456 748 habeas,
472 688 556 753 quales
574 688 690 752 Agrippa
707 690 805 747 habuit,
829 705 885 740 cum
908 691 947 739 vis
971 708 987 740 a
1003 694 1108 744 stultitia
1124 695 1224 758 vulpes,
1241 697 1283 747 ille
1300 700 1371 747 vira

233 772 361 822 nobilitate
376 777 404 817 nt
420 769 483 818 leo.“
517 769 675 831 legendum:
694 783 766 828 „cum
783 769 817 818 sis
834 770 865 818 ab
881 771 975 820 astutia
990 772 1091 836 vulpes,
1106 781 1136 824 ut
1152 775 1195 824 ille
1206 777 1245 824 vir
1257 779 1371 828 anobili·

233 858 284 900 tute
301 853 364 900 lco.“

284 932 316 980 P,
336 932 389 980 124.
427 929 554 986 „Rectum
571 928 649 978 animi
670 927 793 978 emas?“
827 929 1013 987 „Quarsum?“
1046 929 1164 993 Longum
1185 942 1223 982 cst
1243 947 1370 998 enarrare,

233 1025 309 1074 quam
327 1009 402 1058 variis
418 1007 496 1056 modis
513 1007 658 1070 interpretes
675 1021 732 1056 enm
749 1009 841 1056 vetusti
859 1015 915 1056 tum
933 1010 1081 1059 recentiores
1097 1027 1218 1074 quorem
1234 1017 1371 1078 explanare

233 1095 361 1138 conentur.
381 1087 462 1140 ,Satis
478 1085 573 1134 habebo
589 1085 677 1134 afferre
693 1085 785 1135 scholia
801 1087 909 1136 Acrouis
920 1094 945 1136 et
954 1088 1143 1152 Porphyrionis.
1171 1091 1253 1142 Acro:
1269 1095 1370 1154 „Qum
1393 1113 1397 1119 ·

233 1185 292 1218 mm
308 1171 421 1216 insanus.
438 1167 497 1229 quia
513 1165 594 1215 mults
610 1179 704 1228 genera
719 1166 830 1216 insaniae
846 1174 918 1226 sunt,
940 1170 971 1217 de
990 1169 1080 1232 quibus
1103 1168 1150 1219 fuit
1166 1171 1270 1222 iussum
1286 1174 1372 1225 Aiax?

235 1250 267 1298 In
284 1262 334 1312 quo
350 1247 468 1296 insanus?
485 1245 517 1294 ob
534 1260 609 1308 quum
626 1248 756 1294 museum?
781 1245 836 1304 vel,
860 1247 889 1295 in
913 1262 989 1311 quam
1012 1253 1141 1311 perteml‘
1175 1250 1243 1300 Acro
1269 1252 1373 1304 fortasse

234 1328 298 1376 vidit
313 1343 418 1390 quorum
434 1339 479 1388 pro
495 1340 622 1388 quorsum.
650 1325 694 1374 Ad
710 1340 817 1387 qreorum
833 1333 899 1374 certe
916 1327 1023 1389 pertinet
1038 1342 1097 1390 pars
1111 1329 1179 1391 prior
1189 1330 1285 1380 scholii.
1311 1333 1372 1382 Por-

235 1407 339 1470 phyrio:
357 1406 497 1465 „Quorum
514 1404 580 1452 inter
595 1416 671 1466 ques,
694 1403 721 1452 iu
741 1404 830 1467 quibus
847 1404 949 1454 insanus
966 1413 1015 1464 est,
1030 1413 1116 1455 utrum
1132 1408 1198 1457 inter
1214 1408 1372 1472 luxuriosos,

237 1501 269 1534 an
296 1487 360 1534 inter
386 1483 558 1532 mbiuososr‘
593 1481 668 1531 Alter
697 1483 722 1530 in
750 1499 857 1546 quorum
881 1484 1007 1548 cogitabat
1030 1489 1142 1548 melia,
1168 1487 1231 1537 alter
1257 1491 1373 1540 homiues

236 1566 334 1618 Omitto
350 1566 462 1614 diversas
478 1563 643 1612 recentiorum
659 1562 794 1626 opiniones.
828 1565 893 1614 Dico
913 1572 1011 1614 tuntum
1031 1573 1172 1630 suspectam
1187 1567 1249 1616 mihi
1265 1583 1319 1618 asse
1334 1571 1372 1619 lo·

237 1646 376 1704 cntionem,
403 1651 501 1694 rectum
522 1644 601 1691 animi
617 1657 732 1702 sunere,
756 1658 802 1707 pro
818 1659 883 1693 sana
901 1651 982 1695 necate
997 1661 1060 1703 esse,
1084 1661 1142 1695 eum
1159 1646 1236 1710 vulgo
1252 1649 1374 1711 significet

236 1727 359 1774 virtutem
375 1725 466 1780 colere,
475 1722 566 1785 secere
581 1724 648 1784 qued
663 1725 753 1771 benum
769 1729 795 1772 et
812 1726 909 1773 lustum
925 1731 970 1773 est.
1005 1724 1066 1774 Sola
1081 1733 1208 1788 ponuntur
1222 1727 1269 1775 sibi
1279 1737 1374 1778 eontra·

236 1805 275 1852 ris
290 1807 385 1853 rectum
401 1810 426 1852 et
440 1818 557 1866 mavum.
593 1804 702 1850 Rectum
719 1805 800 1852 animi
816 1811 881 1862 tum,
898 1806 986 1864 credo,
1002 1804 1149 1853 inusitatum
1166 1813 1216 1862 est,
1228 1822 1303 1870 quam
1313 1825 1373 1871 pra·

236 1900 297 1933 uum
313 1883 392 1932 animi
407 1887 478 1930 esset.
511 1879 570 1929 Non
585 1893 626 1928 me
643 1878 719 1943 fugit,
734 1896 838 1943 peccare
854 1887 879 1930 et
890 1884 1005 1930 insanire
1015 1883 1042 1930 in
1053 1883 1099 1931 hac
1110 1884 1275 1946 disputatione
1287 1889 1372 1936 eodem

237 1964 289 2013 fere
309 1961 401 2020 redire,
422 1957 556 2009 Horatium
578 1965 662 2008 tamen
679 1958 803 2021 scripsisse
820 1965 893 2022 puto:
926 1962 1036 2009 Rectam
1052 1964 1133 2009 autari
1148 1976 1233 2010 sernas
1249 1967 1375 2014 cursam?

237 2039 362 2104 Exempla
378 2040 499 2104 quaedam
514 2038 657 2095 ostendent,
674 2051 750 2101 quam
767 2037 868 2101 pulchre
885 2039 932 2086 hoc
947 2039 1040 2088 dictum
1057 2040 1096 2088 sit.
1129 2040 1217 2090 Horat.
1240 2043 1277 2090 11.
1299 2043 1375 2094 Satir.

238 2121 273 2171 V.
291 2122 331 2174 78.
367 2121 478 2182 Tamque
492 2119 598 2180 pudica,
620 2118 704 2175 Quane
721 2120 837 2180 nequiere
851 2119 923 2179 proci
940 2124 1008 2167 recto
1028 2120 1150 2180 depellere
1173 2135 1258 2169 curru.
1292 2123 1374 2172 Horu-

238 2202 288 2250 tins
304 2201 329 2248 h.
346 2199 364 2249 1.
381 2212 440 2247 mox
456 2196 578 2260 loquitur:
605 2198 667 2246 Stat
684 2198 780 2255 aniam,
806 2203 836 2244 ut
857 2196 956 2244 Ennius
977 2197 1043 2259 apud
1060 2194 1173 2247 (lieston.
1190 2199 1221 2247 de
1238 2199 1335 2251 Senect.
1352 2204 1380 2262 65

242 2283 300 2339 Quo
316 2281 383 2329 nebu
400 2283 506 2335 mentes,
523 2282 606 2326 rectae
622 2291 686 2338 qaae
702 2281 771 2325 stare
786 2277 899 2326 sobnam
920 2278 1039 2334 antebac,
1063 2278 1187 2326 dementes
1210 2293 1263 2328 sese
1280 2281 1380 2342 flexere

238 2361 313 2410 aiat?
346 2360 456 2416 Mentes,
479 2371 542 2421 quae
557 2356 619 2405 olim
635 2364 730 2405 rectum
747 2371 847 2406 cursum
864 2357 1009 2415 servabant,
1035 2371 1085 2419 quo
1110 2372 1137 2406 se
1161 2358 1212 2406 iam
1236 2360 1376 2413 deterrere?

239 2440 339 2489 Montes
364 2447 448 2489 rectae
470 2444 554 2496 aaut,
580 2442 610 2484 ut
637 2438 788 2500 gubernator
815 2439 847 2486 ad
871 2438 984 2497 clavum,
1008 2438 1119 2487 clamans
1148 2439 1280 2502 Neptuno:
1313 2459 1376 2493 nun·

239 2535 316 2584 quam
333 2521 397 2568 bane
413 2534 515 2575 navent,
532 2519 585 2566 nisi
600 2521 703 2566 rectam.
739 2517 850 2566 Cursum
875 2533 977 2567 rmore
998 2532 1049 2565 non
1070 2524 1108 2566 est
1123 2531 1167 2565 cur
1184 2521 1305 2583 exemplis
1321 2537 1377 2571 con-

240 2600 344 2648 firmem.

289 2679 318 2728 P.
339 2679 393 2726 124.
429 2679 540 2726 Insanus
555 2677 618 2740 quid
632 2677 698 2724 enirn
716 2677 787 2724 diua
823 2677 1004 2745 Fecit,'quum
1021 2677 1119 2725 stravit
1127 2673 1203 2738 serre
1212 2683 1303 2738 pecus?
1324 2681 1378 2730 Me·

240 2757 290 2807 lius
303 2758 404 2806 sortasse
421 2759 506 2806 lusani
522 2751 584 2820 quid
598 2757 665 2806 enlm
683 2756 755 2804 dias
777 2749 856 2805 Fecit.
893 2756 962 2818 Quid
982 2756 1063 2804 insani
1085 2762 1138 2804 erat
1154 2753 1181 2801 in
1198 2754 1263 2805 facto
1279 2759 1379 2810 Aiacis?

241 2837 368 2886 Interfecit
385 2836 453 2885 mille
469 2851 536 2886 oves.
569 2836 666 2885 Parum
683 2835 743 2884 muli
760 2835 786 2882 in
803 2849 830 2884 re
847 2835 908 2893 ista,
930 2842 959 2884 ut
979 2842 1109 2899 propterea
1130 2835 1259 2885 insaniisse
1275 2839 1378 2890 dicatur.

242 2917 283 2966 Tu
300 2918 451 2972 insaniebas,
468 2930 524 2964 cum
541 2915 594 2962 vim
610 2914 684 2962 uxori
705 2920 731 2961 et
752 2921 825 2962 natae
849 2913 980 2962 inferebas.
1013 2914 1061 2963 Ille
1084 2929 1135 2962 non
1163 2914 1312 2974 insaniebat,
1337 2919 1379 2982 qni

257 2997 304 3042 b·
370 2998 396 3043 't.
1285 3031 1291 3042 .

241 3011 256 3044 ἢ
274 3005 395 3124 Ἓηῑὲὂ.
433 3073 509 3119 Hane
525 3070 707 3118 circunrsonuit
724 3071 816 3130 pladite
834 3071 944 3117 Bellona
959 3072 1079 3118 euentu
1113 3070 1218 3118 Rectum
1235 3085 1331 3135 quoque
1342 3088 1378 3124 es·

147 3149 151 3156 '
241 3161 294 3202 set:
306 3155 412 3214 facibus
434 3152 544 3198 Bellona
560 3150 680 3198 cruentis.
713 3146 788 3197 ovid.
800 3149 903 3197 Metam.
916 3149 965 3197 1v.
977 3150 1035 3198 480.
1064 3149 1201 3211 Tisiphone
1212 3154 1379 3214 nmdefactam

241 3232 364 3293 sanquine
378 3230 457 3278 sumit
482 3229 636 3290 Importuna
646 3227 741 3290 facem.
775 3227 908 3276 Petronius
928 3243 953 3290 p.
976 3228 1034 3276 593.
1057 3229 1088 3276 de
1104 3228 1248 3278 Discordia:
1270 3231 1379 3294 Sanqui-

241 3324 316 3358 neam
333 3310 441 3356 tremula
457 3308 588 3370 quatiebat
605 3308 725 3369 lanrpada
741 3308 841 3356 deutra.
876 3307 955 3370 Apud
972 3306 1081 3356 Statium
1106 3306 1186 3356 Theb.
1207 3309 1257 3359 IV.
1279 3310 1303 3358 t.
1326 3312 1381 3375 ipsa

242 3385 348 3436 Bellona
364 3403 441 3435 manu
459 3388 566 3435 rutilam
582 3388 691 3435 oetcredit
701 3386 800 3449 facem.
946 3385 951 3392 '

292 3466 324 3515 P.
345 3467 398 3515 126.
433 3468 469 3515 Id
485 3467 556 3515 crede
573 3471 652 3514 tuum.
686 3465 774 3514 Livius
792 3465 883 3514 XXII.
902 3467 941 3514 32.
979 3466 1092 3530 Gnatum
1114 3467 1162 3514 sibi
1180 3473 1270 3528 putres
1285 3470 1379 3519 Roma·

242 3561 288 3596 nos
310 3548 479 3608 populumque
496 3545 647 3611 facturam,
675 3545 698 3592 si
722 3560 805 3593 omnes
829 3560 871 3593 res
898 3546 1124 3606 Neapolitanorum
1148 3558 1209 3592 suas
1239 3547 1379 3598 demerent.

243 3624 323 3675 Plura
338 3625 484 3688 interpretes
501 3625 533 3672 ad
549 3624 649 3685 Euang.
667 3623 753 3672 Lucae
770 3623 847 3673 XVI.
863 3625 904 3674 31.

293 3702 324 3750 Ρ,
344 3703 398 3755 127.
433 3705 521 3766 Seqnie
536 3719 592 3766 eqo,
609 3704 740 3765 indiuisus,
757 3706 802 3766 qai
824 3708 924 3753 tantum
947 3703 1099 3766 possideam:
1117 3706 1206 3768 ausa!
1240 3704 1317 3754 Sunia
1333 3707 1382 3756 tibi

244 3784 576 3834 &testamenmentum
611 3781 727 3831 Mallem:
746 3782 822 3845 aufer
856 3784 923 3832 Inde
948 3784 994 3832 tt'lt'
1018 3784 1113 3833 decies!
1146 3781 1228 3832 Aufer
1251 3785 1323 3841 inde,
1347 3799 1379 3834 ex

244 3868 328 3920 tanto,
345 3863 413 3925 qnod
429 3861 492 3910 mihi
507 3860 613 3909 nimium
630 3866 675 3910 est.

293 3943 323 3992 P.
344 3943 397 3991 130.
433 3941 517 3990 Casus
533 3942 671 3990 medicusve
687 3942 780 3989 levarit
813 3943 925 4003 deprum
941 3956 972 3989 ee
987 3943 1137 4004 praecipiti,
1156 3947 1237 3990 mater
1247 3942 1381 3991 delirans·

244 4023 313 4073 cubit
345 4024 380 4070 In
397 4023 479 4084 qelida
496 4021 584 4082 fisum
609 4022 682 4082 ripa,
701 4021 845 4083 febrimque
874 4021 983 4069 reducet.
1015 4019 1126 4068 Difficile
1154 4019 1234 4075 dictu,
1259 4019 1380 4080 quomodo

244 4100 300 4163 quis
315 4116 346 4149 ea
361 4101 497 4163 praecipiti
514 4098 621 4148 leuetur:
649 4098 692 4161 qui
720 4097 747 4146 in
768 4098 822 4146 loeo
846 4097 976 4161 praecipiti
999 4103 1048 4146 stat
1064 4104 1090 4146 et
1117 4097 1178 4145 inibi
1195 4104 1248 4152 est,
1265 4103 1294 4144 ut
1310 4111 1380 4161 prae-

244 4193 301 4242 ceps
318 4189 369 4236 eat,
386 4181 503 4235 entitur,
525 4192 576 4226 non
593 4177 654 4225 adeo
671 4179 777 4226 leuatur.
812 4176 881 4225 Tum
905 4179 1005 4226 necabit
1029 4182 1054 4224 et
1072 4177 1171 4238 febrim
1198 4177 1310 4233 reducet,
1335 4175 1380 4238 hy·

244 4257 378 4320 sterclogiu
393 4256 456 4306 mihi
472 4257 579 4304 hicnon
595 4254 696 4302 serenda
712 4255 817 4304 videtur.
849 4254 948 4303 Versus
969 4261 1034 4303 certe
1050 4255 1127 4315 longe
1143 4253 1308 4315 elegantiores
1324 4268 1380 4316 pro·

245 4337 338 4386 duent:
368 4336 450 4385 Casus
468 4337 605 4384 modumve
622 4335 725 4390 levarit,
754 4337 788 4382 Ia
812 4335 895 4396 qelida
912 4334 1000 4395 finan
1024 4335 1084 4395 ripa
1107 4334 1189 4382 delira
1209 4334 1314 4381 necabit.
1348 4332 1380 4380 Ιιι

245 4418 337 4465 leuauit
365 4415 436 4464 facile
461 4429 493 4462 cx
524 4411 676 4461 antecedenti
712 4414 835 4474 cogitatur
867 4427 981 4474 separii,
1015 4411 1041 4458 in
1074 4412 1155 4460 delira
1180 4409 1308 4472 cogitatur
1328 4427 1379 4459 nra·

245 4500 291 4544 ter.
325 4495 430 4545 Caetera
457 4501 525 4550 sunt,
552 4498 624 4555 pute,
647 4490 789 4554 glossatoris
816 4491 909 4554 poitae.
942 4490 1032 4538 Testor
1056 4489 1249 4553 uniuscuiusque
1270 4502 1378 4538 sensum.
