3542 5634
399 553 459 615 134
788 547 1136 614 SATIRARUM

801 779 1016 844 SATIRA
1055 777 1111 840 IV.

485 929 615 1028 „Unde
638 950 671 1009 et
693 966 757 1030 quo
782 944 938 1010 Catius?“
973 943 1071 1026 „Non
1094 953 1145 1007 est
1166 942 1249 1005 mihi
1264 948 1394 1026 tempus
1410 940 1523 1005 aventi

441 1049 563 1112 Ponere
586 1047 681 1134 signa
704 1048 796 1112 novis
819 1047 1018 1132 praeceptis,
1043 1045 1154 1131 qualia
1175 1045 1310 1110 vincant

440 1152 647 1236 Pythagoran
670 1151 838 1237 Anytique
861 1173 953 1216 reum
977 1151 1173 1234 doctumque
1197 1149 1371 1213 Platona“

440 1255 638 1338 „Peccatum
661 1255 779 1337 fateor,
805 1276 907 1340 quum
930 1261 963 1317 te
985 1253 1032 1318 sic
1055 1259 1200 1337 tempore
1222 1251 1314 1315 laevo

438 1358 692 1443 Interpellarim:
718 1358 775 1424 sed
798 1359 854 1424 des
876 1358 1008 1422 veniam
1030 1358 1151 1439 bonus,
1176 1377 1240 1420 oro.

439 1461 563 1541 Quodsi
587 1461 787 1527 interciderit
810 1462 871 1526 tibi
895 1484 982 1527 nunc
1005 1460 1146 1545 aliquid,
1170 1464 1295 1544 repetes
1317 1479 1413 1539 mox,

440 1563 515 1629 Sive
537 1569 589 1629 est
610 1568 745 1630 naturae
767 1565 827 1629 hoc
851 1563 920 1630 sive
942 1564 1040 1645 artis,
1064 1562 1166 1627 mirus
1189 1564 1360 1647 utroque.“

440 1666 551 1751 „Quin
574 1668 609 1731 id
629 1675 697 1733 erat
720 1690 831 1750 curae,
856 1689 920 1753 quo
942 1674 1038 1753 pacto
1060 1673 1179 1733 cuncta
1200 1671 1362 1746 tenerem,

437 1771 560 1857 Utpote
582 1793 632 1836 res
657 1777 786 1854 tenues,
811 1771 903 1836 tenui
925 1793 1073 1836 sermone
1094 1773 1275 1856 peractas“

439 1875 533 1958 „Ede
556 1875 700 1941 hominis
724 1897 857 1953 nomem
882 1875 979 1940 simul
1005 1880 1056 1958 et,
1081 1876 1249 1939 Romanus
1271 1895 1314 1937 an
1336 1873 1488 1959 hospes.“

437 1979 538 2064 „ipsa
559 2001 683 2044 memor
704 1983 875 2065 praecepta
897 2001 1028 2061 canam,
1053 1979 1211 2044 celabitur
1233 1982 1353 2043 auctor.

439 2082 553 2168 Longa
575 2083 693 2169 quibus
717 2083 815 2148 facies
840 2083 910 2148 ovis
934 2083 1011 2165 erit,
1037 2082 1097 2147 illa
1118 2085 1301 2163 mement0,

437 2185 485 2251 Ut
508 2186 596 2251 succi
619 2187 762 2252 melioris
786 2192 819 2252 et
841 2192 880 2251 ut
902 2186 1009 2271 magis
1033 2187 1120 2251 alma
1141 2184 1309 2266 rotundis,

438 2289 579 2354 Ponere:
604 2312 744 2375 namque
767 2312 891 2355 marem
914 2290 1067 2355 cohibent
1088 2289 1210 2355 callosa
1231 2287 1391 2353 vitellum.

438 2393 538 2458 Caulo
561 2393 746 2458 suburbano
768 2395 824 2480 qui
848 2394 942 2459 siccis
967 2394 1068 2458 crevit
1091 2394 1126 2457 in
1149 2393 1237 2479 agris

438 2497 589 2563 Dulcior:
613 2498 735 2583 irriguo
759 2497 842 2562 nihil
866 2503 917 2563 est
940 2498 1060 2563 elutius
1076 2497 1179 2562 horto.

440 2601 474 2666 Si
497 2602 701 2687 vespertinus
723 2601 832 2667 subito
852 2609 884 2667 te
909 2601 1105 2687 oppresserit
1125 2602 1260 2686 hospes,

439 2703 489 2769 Ne
510 2705 636 2789 gallina
653 2706 778 2770 malum
802 2712 971 2791 responset
987 2706 1069 2770 dura
1090 2705 1217 2790 palato,

566 2864 702 2915 SATIRA
719 2865 767 2914 IV¹
978 2847 1112 2896 mutator,
1138 2840 1180 2887 alii
1198 2842 1325 2902 responset
1354 2835 1449 2883 nedum
1476 2847 1526 2896 pro

975 2933 1081 2980 portium
1113 2923 1250 2981 responset,
1281 2915 1324 2962 alii
1357 2921 1444 2977 putant
1468 2927 1524 2962 esse

427 2959 760 3056 Irn'puom'bileeteiutiue
769 2998 847 3046 horto.
865 2995 938 3045 Com·
979 3000 1085 3046 ntalem!
1104 2997 1297 3046 interiectionem
1310 2993 1444 3050 irascentis,
1454 2992 1523 3040 Doe-

396 3081 529 3124 mactator:
548 3072 650 3131 „Cauiis
667 3075 762 3124 dulcior
778 3083 815 3124 est
831 3076 873 3139 qui
883 3091 938 3123 nas·
977 3077 1074 3140 ringius
1090 3077 1187 3125 coniicit
1200 3078 1441 3139 pcrunirespontet.
1471 3072 1523 3122 Sed

395 3156 459 3203 citur
480 3154 507 3204 in
535 3153 679 3201 aridioribus
703 3154 774 3203 locis:
797 3155 939 3204 suburbana
978 3156 1023 3204 hoe
1034 3155 1185 3204 contrarium
1196 3152 1354 3218 significaret,
1368 3167 1442 3215 quarn
1455 3153 1524 3214 quod

398 3242 482 3282 autem
503 3232 557 3281 loca
578 3234 638 3282 rivis
654 3234 785 3283 abundant.
821 3239 938 3295 Elatiae,
977 3231 1523 3298 sententiapostulat.Parumrespomntille,

395 3312 534 3376 insipidius,
552 3313 706 3372 dissolutius,
723 3315 847 3378 liquidius,
864 3331 938 3378 aqna-
977 3314 1020 3379 qui
1037 3315 1163 3362 nonsatis
1180 3312 1280 3362 resistit.
1311 3310 1420 3361 Gronov.
1436 3311 1525 3359 Plauti

396 3393 457 3450 tius,
474 3391 556 3439 minus
569 3393 694 3455 sapidum,
711 3403 735 3441 et
748 3393 808 3442 fatui
819 3397 938 3458 saporis.“
978 3391 1131 3440 Meuoechm.
1143 3391 1191 3440 IV.
1208 3406 1237 3439 11.
1253 3392 1292 3443 57.
1311 3390 1337 3437 in
1353 3391 1421 3439 Iect.
1437 3391 1524 3440 Plaut.

397 3472 477 3519 Acro:
504 3474 642 3530 „Elatioes
664 3473 798 3530 Limatius,
821 3475 836 3524 i.
854 3490 874 3524 e.
893 3477 938 3523 mi·
977 3471 1164 3534 interpretatur:
1187 3472 1315 3534 Numquis
1334 3485 1463 3519 amorum
1480 3473 1525 3520 de-

395 3564 442 3598 nus
464 3551 602 3614 sapidum.⁴‘
634 3552 702 3600 Acro
726 3554 761 3601 sie
782 3557 874 3604 elutius
895 3571 938 3618 per
977 3550 1073 3612 liquit?
1107 3552 1176 3598 Num
1193 3549 1313 3606 ancillae,
1330 3555 1377 3597 cat
1392 3551 1458 3598 aaut
1474 3552 1525 3599 tibi

395 3632 512 3678 limatius
528 3631 682 3692 interpretari
700 3646 748 3680 non
765 3633 849 3693 potuit.
878 3633 937 3681 Plu·
977 3628 1158 3692 Retpomont?
1179 3627 1290 3676 ferociter
1311 3635 1336 3675 et
1358 3628 1525 3676 irreverenter

396 3707 475 3766 ribus,
493 3709 577 3766 eredo,
600 3709 772 3772 interpretatus
789 3717 838 3767 cst,
860 3719 889 3758 ut
904 3711 937 3758 fe·
977 3708 1138 3770 respondent,
1155 3705 1328 3769 obloquuntur.
1362 3706 1417 3754 Hoc
1434 3708 1523 3756 confir·

396 3787 430 3834 cit
446 3786 643 3846 commentator,
662 3790 831 3838 sedlimatc'us
841 3797 938 3838 tantum
978 3793 1030 3834 mat
1045 3773 1123 3833 tribus
1139 3787 1237 3834 Horatii
1253 3785 1380 3848 exemplis.
1404 3785 1477 3847 Quod
1488 3801 1524 3836 ex

395 3866 559 3930 reliquerunt,
577 3867 619 3930 qui
638 3866 737 3916 Scholia
753 3867 818 3916 illins
836 3869 862 3916 in
874 3885 938 3918 oom-
978 3865 1063 3913 Plauti
1084 3865 1186 3914 Trucul.
1204 3866 1239 3914 Π.
1262 3879 1309 3912 vn.
1334 3866 1378 3923 ⁴3,
1400 3868 1526 3917 istoscine

394 3947 512 4009 pendium
529 3947 657 4008 redegere,
675 3947 754 4010 ipsum
772 3955 854 3995 autem
868 3963 937 3996 voca-
978 3946 1040 3992 mihi
1055 3945 1209 4008 respondeo?
1225 3945 1274 3992 hnc
1285 3959 1336 3992 non
1346 3947 1460 4008 pertinet,
1471 3961 1524 3994 non

393 4026 480 4075 bulum
498 4026 634 4088 accepimus
651 4034 806 4091 corruptum,
826 4042 858 4075 ex
876 4031 937 4090 lym-
977 4024 1071 4086 magis,
1089 4039 1163 4087 quam
1180 4025 1245 4087 quod
1261 4026 1329 4087 prius
1343 4025 1489 4074 Plautinum
1506 4043 1525 4074 a

390 4107 509 4168 photiae,
531 4107 597 4154 unde
617 4103 711 4154 librarii
731 4108 839 4170 primum
859 4105 937 4157 fecere
977 4102 1102 4151 110n11ullit
1119 4102 1200 4151 simile
1215 4104 1338 4151 iudicatur
1353 4105 1458 4168 simplici
1469 4122 1524 4154 rea·

392 4185 554 4248 limphatius,
575 4187 663 4234 deinde
678 4185 817 4250 bassatius,
836 4190 936 4236 tandem
973 4185 1089 4243 pondere.
1111 4183 1204 4232 Forma
1220 4183 1404 4247 frequentativa
1420 4201 1524 4248 respon·

393 4267 513 4314 limatius.
547 4264 584 4315 Ut
600 4265 631 4314 ab
644 4273 753 4329 aquatus
768 4266 797 4315 fit
808 4269 936 4330 aquatius,
953 4282 956 4298 ⁴
974 4264 1050 4311 tandi
1064 4263 1118 4325 ipen
1134 4263 1288 4312 voluntatem
1306 4273 1331 4313 et·
1347 4274 1462 4314 conatum
1482 4281 1525 4314 re·

392 4343 427 4390 ita
443 4360 459 4392 a
476 4347 622 4408 lymphatus
637 4344 666 4392 fit
683 4348 847 4409 tynrphatiua.
954 4324 956 4431 Ξ
976 4344 1103 4404 pugnandi
1118 4343 1212 4400 verbis,
1229 4352 1265 4402 et,
1277 4344 1298 4391 si
1313 4359 1375 4408 opus
1386 4345 1426 4402 sit,
1440 4343 1525 4403 factis,

426 4425 465 4472 Ne
488 4426 584 4485 patrina
609 4427 702 4472 malum
723 4431 849 4486 resporuct
870 4427 936 4474 dura
954 4436 956 4495 t
976 4420 1078 4470 indicat:
1095 4419 1245 4485 responsant
1261 4425 1296 4471 ita
1311 4431 1435 4488 repugnat
1445 4423 1524 4473 alicui

391 4502 486 4560 palato.
504 4500 700 4550 commentator:
714 4504 934 4560 „Molam‚male.“
954 4512 956 4553 t
975 4502 1068 4565 aliquid
1092 4503 1234 4565 imperanti,
1256 4511 1284 4550 nt
1309 4504 1373 4551 servi
1398 4504 1474 4561 hero,
1495 4513 1524 4553 et

392 4577 548 4628 Recentiores
574 4581 707 4642 accipiunt,
733 4580 788 4638 alii,
812 4589 839 4629 nt
861 4581 933 4630 Com·
954 4560 956 4619 i
975 4583 1062 4631 milites
1079 4582 1147 4642 duci,
1164 4583 1261 4644 quando
1278 4584 1344 4631 iussa
1359 4582 1425 4631 illius
1443 4582 1522 4632 inter-
