3542 5634
367 467 429 529 104
758 461 1107 527 SATIRARUM
1188 553 1196 566 ι

410 647 529 712 Albuti
553 647 640 713 senis
664 647 833 732 exemp10,
858 647 937 712 dum
961 645 1075 710 munia
1098 644 1201 724 didit,

412 749 533 815 Saevus
558 750 637 834 erit,
662 773 766 836 neque
791 750 856 832 sic,
881 755 920 814 ut
943 748 1086 833 simplex
1109 747 1273 828 Naevius,
1298 753 1433 812 unctam

412 852 567 918 Convivia
591 853 760 938 praebebit
782 874 916 938 aquam:
940 851 1146 932 vitiumhoc
1170 872 1298 935 quoque
1316 872 1484 935 magnum.

409 954 532 1040 Accipe
555 977 661 1038 nunc,
685 955 793 1020 victus
816 953 926 1019 tenuis
950 974 1034 1038 quae
1056 957 1243 1037 quantaque
1266 974 1377 1017 secum

410 1056 546 1122 Afferat.
594 1059 634 1122 Ιιι
657 1057 774 1142 primis
798 1057 908 1122 valeas
932 1056 1033 1120 benet
1058 1076 1136 1120 nam
1159 1055 1268 1120 variae
1290 1077 1341 1120 res

412 1160 461 1226 Ut
483 1167 624 1225 noceant
645 1160 791 1244 homini,
817 1160 928 1225 credas
952 1180 1077 1224 memor
1099 1158 1190 1222 illius
1214 1180 1323 1239 escae,

414 1263 504 1342 Quae
528 1264 670 1349 simplex
693 1263 774 1329 olim
797 1264 859 1328 tibi
883 1263 1012 1330 sederit.
1059 1263 1107 1327 At
1130 1262 1229 1328 simul
1253 1261 1338 1326 assis

413 1366 584 1432 Miscueris
609 1367 713 1448 elixa,
739 1367 839 1432 simul
862 1365 1034 1450 conchylia
1056 1366 1180 1447 tandiu,

414 1469 534 1533 Dulcia
558 1492 592 1534 se
614 1470 650 1533 in
673 1470 774 1534 bilem
796 1475 942 1552 vertent,
967 1469 1198 1553 stomachoque
1221 1468 1403 1534 tumultum

389 1569 519 1636 -Lenta
541 1572 623 1638 feret
644 1573 775 1657 pituita.
822 1573 944 1654 Vides,
967 1577 1006 1636 ut
1027 1571 1171 1656 pallidus
1195 1570 1302 1636 omnis

367 1705 451 1739 sarcos
472 1694 605 1742 introduci
627 1695 702 1752 aiibi,
732 1695 843 1756 Hospes,
867 1706 916 1739 aaa

367 1771 412 1833 qai
428 1772 490 1819 mibi
501 1773 671 1834 imperarent,
686 1775 776 1835 quibas
786 1785 828 1834 esa
839 1784 917 1818 essem

367 1849 495 1914 obscatae.

400 1925 553 1991 corruptum
571 1930 610 1979 hic
621 1935 658 1978 ast
668 1929 791 1979 scholium
802 1925 916 1988 Porphy-

367 2005 457 2054 rionisz
475 2007 593 2066 ,‚cu1tus.
604 2044 609 2056 .
621 2043 643 2057 ..
664 2016 712 2068 est,
730 2008 796 2056 unde
808 2012 833 2055 et
844 2003 915 2054 alibi:

370 2085 422 2143 Qui
431 2087 504 2149 seras
520 2090 606 2136 cultas
616 2089 750 2138 tarsicam.
773 2084 916 2147 Vergilius:

366 2166 530 2228 saltasseras
541 2169 636 2216 mollite
647 2169 761 2220 calendar
779 2163 915 2216 Salustius:

365 2246 471 2304 atque'
461 2260 513 2306 apae
534 2247 618 2294 saltas
640 2247 700 2294 reid<
737 2245 851 2306 Paulyus
871 2256 915 2289 sn·

366 2325 409 2366 not
410 2323 476 2370 avit:
498 2323 605 2378 „Dicere
626 2322 735 2372 voluisse
757 2322 915 2372 scholiastam

365 2401 450 2446 cultas
475 2415 563 2448 nomen
584 2407 620 2448 est
640 2401 754 2465 exempla
774 2400 852 2453 allata
873 2401 915 2448 do·

366 2489 422 2524 cere
439 2478 568 2537 videntur,
586 2480 629 2528 sed
645 2494 734 2542 graece
750 2481 841 2528 dixit.“
865 2480 914 2528 Le·

366 2556 476 2617 gendum
492 2564 565 2620 puto:
584 2559 682 2617 „cultus
695 2564 747 2609 τῶν
758 2558 841 2624 μέσων
851 2561 914 2608 ιιι.“

365 2634 421 2682 Hoc
436 2638 570 2685 ostendunt
579 2637 656 2687 MSS.
682 2638 774 2700 Paulyi
790 2638 913 2701 inquibus

365 2715 466 2770 ‚multae
484 2733 536 2763 των
548 2733 611 2765 εσων
622 2719 687 2775 ast;“
705 2723 729 2764 et
746 2715 845 2774 „cultus
861 2720 914 2764 τῶν

364 2796 469 2854 μεσην.“
514 2795 607 2842 Cattae
635 2795 726 2843 scilicet
750 2809 794 2858 per
817 2808 844 2842 se
868 2808 914 2842 nec

365 2871 455 2918 basam
477 2885 521 2920 nec
544 2876 639 2922 malam
661 2873 759 2922 cultum
780 2873 912 2936 significat.

365 2947 433 3008 Quas
450 2949 636 3008 iiiuc-Graeci
651 2951 744 3016 μέσας,
766 2952 851 3002 Latini
866 2969 913 3000 rrae·

365 3029 409 3074 dia
435 3032 460 3076 et
484 3033 625 3080 caranisaia
651 3038 756 3091 vocant,
781 3039 822 3090 ut,
847 3033 912 3095 quod

366 3103 462 3154 Gellius
480 3107 538 3154 dicit
554 3109 587 3156 N.
600 3109 634 3157 A.
651 3109 714 3158 XII.
726 3111 750 3158 9.
768 3113 913 3176 sipaificare

363 3190 388 3231 et
414 3199 503 3246 capere
524 3188 623 3248 possint
648 3191 712 3237 duas
736 3191 803 3238 ister
826 3205 851 3239 se
871 3205 912 3239 res

363 3265 514 3312 contrarias.
542 3264 573 3312 Iu
590 3265 686 3315 Fabric.
703 3267 808 3330 legitur:
826 3272 911 3318 cattas

362 3354 451 3390 saevas
467 3349 513 3392 est.
547 3344 660 3407 Paulyus
682 3353 753 3394 vocat
770 3346 835 3394 hauc
851 3348 910 3396 scri-

362 3427 462 3482 pturam
494 3423 622 3485 ineptam,
654 3438 701 3472 nec
727 3425 816 3473 melius
844 3428 910 3490 apud

363 3497 591 3550 Commentatorem
610 3502 726 3567 Cruquii:
749 3509 849 3563 „cattas
866 3522 910 3555 uo·

362 3591 420 3624 men
442 3581 550 3641 genetivi
573 3587 670 3630 casus.“
707 3584 739 3631 In
762 3584 910 3636 Fabriciano

363 3655 420 3705 MS.
438 3671 540 3714 artesae,
565 3659 591 3705 ui
608 3659 696 3716 fallor,
721 3669 852 3724 corruptus
873 3674 910 3714 est

363 3746 395 3781 ex
417 3737 469 3782 τῶν
489 3735 586 3798 μέσων,
608 3745 632 3786 et
649 3738 835 3790 commentator
856 3750 909 3792 tan-

362 3819 417 3860 tum
440 3813 589 3875 significarit
609 3821 694 3866 cattas
715 3832 765 3866 non
784 3833 837 3868 esse
853 3837 908 3884 par·

362 3891 474 3954 ticipium
499 3893 643 3955 passivum,
669 3898 712 3945 sed
736 3911 827 3946 nomen
851 3901 908 3949 sub

361 3971 511 4030 stantivum,
534 3979 558 4021 et
580 3975 679 4038 quidem
701 3975 804 4039 genitivi
828 3993 907 4030 casus.

361 4049 515 4114 Exemplum
530 4051 632 4102 Salustii
645 4053 745 4104 Cottius
760 4057 791 4104 ad
804 4059 907 4122 Fragm

361 4128 460 4178 Incerta
481 4130 567 4179 retulit
583 4147 606 4194 p.
625 4134 695 4182 1008.
729 4135 782 4182 Nec
799 4137 907 4186 dubitari

360 4213 453 4268 potest,
477 4210 538 4272 quin
563 4209 666 4260 Salustii
690 4214 722 4261 sit
747 4217 832 4265 caitae
856 4221 906 4276 rei,

360 4284 406 4334 hoc
422 4295 471 4347 est,
489 4295 517 4337 ut
534 4290 570 4338 rei
586 4291 702 4351 ιοιιιιι,Ι
695 4309 722 4341 ιιι
735 4297 836 4346 modum
853 4313 905 4347 reo-

360 4379 424 4414 rum.
458 4369 505 4417 Ills
522 4369 599 4418 talem
615 4385 689 4442 usum
706 4372 781 4422 huius
794 4377 905 4426 substan·

358 4444 403 4494 tivi
421 4453 498 4507 amat,
516 4458 578 4496 ιιιι.
588 4451 790 4511 cIugurtha33.
816 4457 905 4518 Iaitssr

956 1690 1101 1750 Iugurtha,
1115 1693 1206 1738 contra
1220 1689 1296 1736 decies
1312 1690 1421 1750 rapiam,
1432 1691 1505 1736 cultu

955 1784 1031 1836 qaam
1048 1770 1156 1816 maxime
1173 1767 1323 1824 miserabili,
1338 1783 1395 1817 cum
1415 1767 1507 1816 Cassio

957 1850 1066 1897 Romam
1081 1849 1157 1895 uenit.

1002 1927 1092 1982 Vides,
1118 1930 1147 1972 ιιι
1170 1926 1285 1988 pallidas
1307 1926 1387 1973 amab
1420 1923 1505 1972 Caena

955 2005 1076 2066 decerpat
1097 2004 1180 2052 dubia.
1212 2003 1319 2052 Veteres
1336 2002 1504 2062 scholiastae,

956 2097 1042 2132 omues
1073 2084 1220 2132 recentiores
1249 2084 1443 2146 interpretantur
1471 2097 1504 2132 ex

956 2167 1015 2209 noto
1031 2161 1143 2211 Terentii
1159 2161 1262 2210 Phorm
1272 2163 1308 2212 II.
1316 2177 1346 2211 11.
1354 2163 1395 2211 28.
1420 2163 1505 2212 Coena

956 2241 1033 2288 dubia
1048 2243 1196 2302 apponitur.
1218 2239 1250 2290 G
1270 2243 1341 2300 Quia
1355 2245 1421 2290 istuc
1436 2244 1506 2290 verbi

955 2321 1007 2366 est?
1036 2319 1066 2367 P.
1089 2321 1140 2367 Ubi
1159 2325 1189 2367 tu
1210 2322 1320 2378 dubites,
1340 2322 1403 2384 qaid
1417 2334 1505 2368 mmas

952 2399 1118 2456 potissimum.

988 2477 1127 2526 Dodsrlino
1151 2478 1243 2536 iudice,
1269 2478 1338 2526 haud
1360 2478 1421 2526 satis
1445 2492 1504 2528 con

954 2562 1017 2614 stat,
1038 2571 1071 2605 sn
1088 2557 1207 2606 Horatius
1224 2556 1271 2604 hoc
1287 2555 1406 2615 voluerit,
1423 2572 1504 2620 quum

955 2634 978 2682 ei
999 2641 1025 2682 et
1046 2651 1090 2699 per
1110 2636 1223 2698 linguam
1245 2643 1270 2683 et
1290 2643 1397 2683 metrum
1421 2637 1503 2686 dicere

954 2713 1064 2764 licuisset
1080 2718 1161 2764 caria.
1195 2716 1265 2778 Ergo
1281 2715 1439 2777 interpretari
1449 2730 1503 2764 ma·

954 2793 1033 2851 lebat,
1049 2809 1152 2843 coenam
1168 2795 1268 2857 ingenio
1285 2800 1310 2842 et
1321 2801 1375 2841 arte
1385 2808 1501 2843 cocorum

953 2873 990 2920 its
1010 2875 1169 2937 compositam
1188 2873 1312 2936 variisque
1328 2874 1501 2924 additamentis

953 2959 1088 3011 mutatam,
1105 2961 1133 3000 ut
1148 2953 1269 3001 convivae
1287 2953 1410 3001 nescirent
1415 2955 1501 3018 ,quid

952 3032 1065 3080 ederent·
1058 3032 1170 3095 ,'quod
1164 3046 1246 3095 rpsum
1262 3031 1405 3093 diligentius
1420 3034 1501 3096 expli·

952 3111 1018 3158 cavit
1035 3112 1066 3158 ad
1083 3111 1157 3160 Satir.
1169 3113 1205 3160 ΙΙ.
1222 3125 1283 3160 vrrs.
1299 3111 1340 3159 28.
1374 3113 1498 3175 Equidem

952 3204 1046 3238 morem
1070 3198 1214 3239 consuetum
1239 3197 1345 3240 teneam.
1376 3191 1499 3242 Horatius

951 3283 1039 3332 nempe
1058 3275 1084 3318 et
1099 3269 1142 3317 alii
1158 3269 1328 3338 Terentium
1321 3269 1415 3317 imitari
1431 3286 1499 3320 ama·

950 3349 1022 3407 baut
1038 3349 1156 3411 sibique
1149 3363 1174 3396 ru
1192 3363 1219 3396 re
1235 3349 1283 3396 ista
1295 3348 1433 3411 placebant.
1450 3351 1499 3400 Est

950 3441 1047 3489 quoque
1072 3427 1098 3474 in
1123 3429 1202 3475 darbia
1230 3443 1306 3476 caena
1330 3427 1413 3476 nescio
1437 3431 1497 3492 quid

950 3504 1057 3565 Comici,
1082 3504 1178 3555 Satirae
1202 3507 1326 3554 decorum
1363 3507 1498 3557 Terentius

949 3585 976 3632 in
992 3586 1069 3633 verbo
1083 3585 1204 3649 quaesivit
1220 3584 1361 3634 ridiculum.
1395 3586 1497 3650 Signifi-

949 3666 1013 3714 catio
1038 3681 1104 3714 nova
1128 3665 1239 3721 videtur,
1261 3665 1313 3712 sive
1337 3672 1396 3712 tunc
1417 3666 1497 3727 facta,

948 3747 1001 3795 sive
1017 3747 1066 3795 iam
1083 3745 1115 3794 ab
1130 3747 1180 3794 alio
1196 3746 1269 3808 poe'ta
1285 3745 1404 3806 adhibita,
1420 3760 1496 3809 quem

948 3824 1056 3874 vellicat
1089 3827 1157 3874 Tum
1177 3839 1252 3874 coena
1273 3823 1314 3872 hic
1329 3838 1403 3872 omne
1419 3823 1496 3882 illud,

947 3906 1044 3967 quod'
1037 3920 1063 3952 ru
1087 3904 1202 3953 convivio
1222 3905 1330 3966 positum
1346 3903 1413 3960 fuit,-
1428 3918 1496 3952 com-

947 3984 1074 4047 plectitur.
1096 3999 1182 4032 omnes
1202 3990 1286 4032 autem
1306 3982 1407 4030 omnino
1427 3981 1495 4036 cibos

947 4065 982 4112 ita
998 4066 1083 4113 dubias
1093 4063 1181 4123 fluisse,
1198 4062 1242 4110 rix
1252 4060 1417 4109 credibilet
1379 4066 1424 4109 est.
1442 4061 1494 4110 De

946 4144 1020 4207 nique
1035 4157 1111 4192 coena
1127 4145 1204 4192 datia
1223 4141 1309 4205 paullo
1325 4140 1382 4203 plus
1398 4141 1494 4202 signifi

946 4228 985 4269 cat
1001 4237 1076 4285 quam
1093 4225 1174 4271 varia.
1206 4223 1298 4279 Varia,
1321 4219 1429 4268 δεῖπνον
1445 4237 1494 4268 rra·

945 4299 1045 4363 λύοψόν
1061 4319 1087 4349 τε
1104 4306 1144 4350 και
1169 4301 1300 4361 ποικίλον,
1321 4314 1359 4348 res
1379 4299 1492 4346 diversas

944 4379 1066 4440 continet,
1082 4380 1149 4428 haud
1166 4379 1302 4429 necessario
1321 4385 1421 4426 cunctas
1438 4385 1492 4426 tam

944 4473 1045 4517 suaves,
1062 4465 1102 4516 ut,
1120 4459 1178 4522 quid
1195 4459 1285 4563 eligas,
1303 4456 1407 4506 dubites
