3542 5634
646 521 832 584 LIBER
877 521 902 585 Ι.

242 709 383 793 Evenit,
408 708 577 794 inquirant
597 709 680 773 vitia
695 716 736 780 ut
759 718 816 774 tua
835 731 947 774 rursus
971 714 1004 774 et
1025 708 1084 772 illi.

240 813 432 878 iracundior
455 818 506 878 est
528 813 663 896 paullo,
691 813 802 878 minus
827 818 925 898 aptus
948 813 1055 878 acutis

240 915 383 980 Naribus
405 916 523 980 horum
546 915 742 998 hominum,
764 916 862 980 rideri
894 915 1077 1001 possitae,
1104 913 1191 998 quod

240 1017 410 1085 Rusticius
432 1023 528 1082 tonso
545 1022 624 1102 toga
647 1018 779 1101 defluit,
806 1024 841 1084 et
860 1020 946 1084 male
963 1020 1059 1083 laxus

241 1123 281 1186 In
298 1121 381 1208 pede
404 1120 531 1186 calceus
550 1121 662 1186 haeret
669 1147 678 1199 ;
701 1126 737 1186 at
760 1127 811 1187 est
828 1123 955 1204 bonus,
981 1126 1018 1186 ut
1037 1120 1153 1185 melior
1173 1118 1224 1182 vir

240 1225 316 1290 Non
337 1224 424 1311 alius
446 1223 637 1309 quisquam,
661 1230 696 1290 at
713 1225 776 1290 tibi
799 1225 941 1307 amicus,
964 1229 999 1288 at
1010 1222 1318 1308 ingeniumingens

240 1329 370 1394 inculto
386 1328 470 1392 latet
492 1328 554 1393 hoc
575 1328 636 1392 sub
660 1349 800 1413 corpore.
849 1328 1000 1412 Denique
1023 1327 1186 1411 teipsum

242 1431 388 1496 Concute
399 1477 408 1512 ‚
436 1452 518 1494 num
539 1452 604 1514 qua
630 1430 692 1495 tibi
713 1430 872 1496 vitiorum
891 1429 1048 1495 inseverit
1067 1429 1146 1494 olim

240 1536 367 1600 Natura
390 1535 568 1600 autetiam
591 1535 794 1600 consuetudo
818 1534 927 1611 mala3
953 1555 1094 1619 namque

240 1638 408 1724 Neglectis
435 1638 559 1703 urenda
576 1638 649 1702 filix
669 1637 854 1703 innascitur
874 1637 973 1722 agris.

241 1743 326 1807 Illuc
343 1746 609 1827 praevertamur3
634 1745 816 1806 amatorem
842 1741 929 1826 quod
954 1739 1077 1805 amicae

239 1845 360 1930 Turpia
380 1844 549 1930 decipiunt
576 1866 708 1909 caecum
729 1844 830 1928 vitia,
856 1849 915 1909 aut
937 1844 1037 1908 etiam
1057 1842 1130 1927 ipsa
1153 1842 1231 1906 haec

241 1949 430 2031 Delectant,
451 1948 556 2013 veluti
580 1947 759 2012 Balbinum
779 1947 921 2032 polypus
946 1947 1094 2032 Hagnae.

240 2054 369 2120 Vellem
400 2054 435 2119 in
461 2053 609 2119 amicitia
632 2053 680 2118 sic
705 2074 905 2135 erraremus,
929 2059 961 2118 et
985 2053 1043 2118 isti

241 2157 350 2222 Errori
373 2178 493 2221 nomen
513 2157 617 2221 virtus
639 2154 804 2240 posuisset
822 2157 1007 2221 honestum.

228 2301 298 2348 Illuc
303 2305 503 2361 praevertemur.
528 2298 677 2359 Legendum
685 2310 741 2345 cen·
781 2301 872 2347 munet
898 2301 1034 2348 honestam.
1068 2296 1144 2346 Dictu
1169 2308 1220 2344 non
1249 2293 1332 2351 facile,

193 2393 248 2428 seo:
266 2378 332 2428 Illuc
344 2384 543 2439 praevertamus.
576 2376 649 2438 Quod
659 2377 742 2440 turpia
782 2378 841 2441 quid
860 2377 900 2424 hic
916 2377 948 2426 sit
965 2379 1047 2426 virtus
1067 2377 1150 2423 errori
1165 2375 1240 2436 ponit
1261 2375 1331 2422 hone·

193 2458 287 2506 amicae
304 2457 364 2505 vitia
379 2464 516 2505 amatorem
534 2457 672 2520 decipiunt,
698 2463 741 2504 aut
782 2462 849 2505 stam
871 2472 966 2505 nomen.
1000 2454 1151 2518 Interpretes
1172 2452 1332 2501 dissentiunt:

194 2538 270 2585 etiam
291 2536 424 2595 delectant,
444 2535 504 2583 illud
521 2536 639 2594 vitemus,
656 2549 741 2584 eavea·
782 2533 829 2582 fnit
847 2534 904 2593 vel,
922 2535 964 2598 qui
982 2541 1133 2596 exponeret:
1149 2531 1247 2580 virtutis
1263 2545 1332 2594 prae-

193 2630 258 2664 mus.
283 2615 359 2663 Notio
379 2616 486 2674 vitandi,
510 2615 614 2663 cavendi
634 2615 687 2676 ipsa
708 2629 741 2662 ex
783 2622 893 2676 captores
910 2621 1013 2676 ponunt.
1047 2612 1114 2672 Quid
1139 2610 1263 2658 sententia
1286 2609 1333 2658 loci

190 2697 374 2754 praevertenda
393 2696 494 2757 aliquid
509 2693 616 2757 profluit.
645 2692 741 2742 Plinius
782 2701 881 2756 possm,
899 2708 949 2743 non
973 2694 1105 2742 obscurum
1125 2698 1168 2739 est.
1202 2690 1278 2737 Pater
1295 2703 1331 2737 er-

193 2787 217 2820 r.
233 2787 256 2821 c.
273 2773 353 2835 Epist.
369 2775 421 2823 111.
433 2775 456 2822 9.
466 2776 651 2822 accusationem
662 2778 742 2822 morte
782 2779 822 2820 rat
834 2772 914 2820 filium
925 2775 1067 2821 stratonem
1079 2769 1204 2834 appellans
1218 2775 1331 2830 paetum.

190 2855 342 2912 praevertit.
359 2853 517 2916 Priusquam
527 2853 636 2900 accusari
651 2858 741 2912 posset,
783 2850 888 2900 Utinam
899 2850 933 2898 sic
949 2851 1026 2912 vulgo
1042 2851 1068 2899 in
1079 2849 1184 2897 amicitia
1201 2854 1333 2906 erraretur,

192 2943 219 2977 se
239 2929 368 2980 interfecit.
402 2932 486 2980 Morte
516 2931 577 2978 adeo
601 2929 742 2977 voluntaria
783 2935 808 2976 et
830 2929 917 2990 aliquis
941 2931 1025 2978 nivem
1040 2931 1145 2991 parcius
1169 2926 1243 2974 homo
1256 2927 1333 2994 frnpz'

192 3010 259 3057 cavit
275 3023 307 3058 ne
324 3016 491 3066 accusaretur,
509 3007 688 3056 recusationem
705 3008 741 3055 vi·
768 3007 957 3070 appellaretur.
997 3007 1039 3056 Sic
1062 3006 1123 3054 vitio
1147 3005 1217 3067 qnasi
1241 3019 1332 3054 nomen

193 3089 265 3136 tavit.
784 3085 883 3132 virtutis
891 3086 999 3132 daretur.
1018 3083 1113 3133 Contra
1126 3090 1209 3130 autem
1222 3083 1330 3132 facinus.

230 3167 326 3214 Vellem
346 3166 375 3213 in
399 3166 514 3217 amicitia
534 3165 572 3214 m'c
587 3177 740 3212 erraremus.

193 3243 346 3294 Concinnius
363 3242 390 3290 in
406 3258 447 3302 eo,
464 3245 530 3307 quod
543 3255 641 3304 semper
653 3248 678 3290 et
688 3241 740 3289 nbi-

192 3337 242 3386 que
262 3321 317 3370 fieri
333 3330 460 3385 optamus:
477 3326 512 3373 sic
529 3327 670 3371 erraretur.
692 3321 740 3369 Te-

193 3407 257 3448 rent.
274 3399 364 3451 Heaut.
386 3400 515 3450 1.1.102.
543 3401 600 3448 Hoc
621 3400 671 3461 fit,
697 3401 741 3447 ubi

193 3494 243 3528 non
268 3495 325 3528 vere
344 3482 449 3528 adnitar.
480 3479 568 3530 Horat.
594 3477 678 3527 Carm.
703 3478 740 3526 11.

194 3572 253 3607 xvr.
273 3558 310 3606 13.
340 3561 442 3607 Vivitur
457 3572 535 3621 parco
551 3560 620 3613 bene,
636 3559 679 3606 'cni
696 3573 740 3618 pa-

194 3642 296 3685 ternam
311 3639 430 3698 Splendet
447 3639 475 3684 in
488 3649 572 3683 mensa
593 3637 664 3683 tenui
679 3637 739 3683 sali·

783 3162 881 3210 Damus
905 3163 1038 3211 virtutibus
1064 3161 1165 3209 nomina
1190 3161 1331 3221 inhonesta,

784 3255 825 3289 eas
841 3242 1005 3298 invertimus,
1029 3237 1178 3302 appellantes
1203 3253 1272 3297 eum,
1289 3243 1332 3304 qni

784 3323 843 3369 bene
852 3334 930 3369 annas
947 3335 977 3368 ac
988 3333 1037 3368 nan
1049 3321 1168 3367 incantus
1179 3323 1228 3378 en,
1237 3319 1332 3380 fictam

783 3404 953 3461 astutamque.
994 3397 1100 3447 Horatio
1125 3396 1230 3457 dignum
1255 3405 1331 3446 esset:

784 3483 808 3526 et
825 3479 870 3526 isti
897 3479 993 3526 Errcri
1009 3491 1095 3524 nomen
1108 3477 1163 3523 vita
1174 3477 1332 3536 imposuisset

783 3559 921 3605 honestum.
957 3556 1034 3604 Recte
1056 3553 1255 3604 commentator:
1281 3555 1331 3613 „ita

782 3635 866 3695 ficret,
882 3643 911 3684 ut
927 3649 996 3684 error
1008 3635 1048 3684 ille
1059 3635 1141 3699 potius
1151 3634 1244 3692 virtus,
1255 3647 1331 3697 quam

194 3731 265 3764 nam.
281 3714 333 3763 Vel
347 3716 428 3778 potius
449 3717 493 3763 nti
509 3720 656 3777 paternam.
688 3712 739 3762 Im·
782 3713 870 3762 vitium
885 3714 1029 3762 diceretur-‚¹⁶
1058 3715 1204 3770 Diceretur,
1221 3727 1236 3760 a
1253 3713 1330 3774 nobis,

194 3794 333 3857 personalia
352 3795 400 3842 ista
423 3808 496 3856 saepe
520 3808 536 3840 a
550 3793 655 3842 librariis
675 3792 740 3840 male
783 3806 834 3840 non
846 3794 980 3842 arirtute:
997 3793 1051 3856 quis
1069 3792 1132 3841 ferat
1148 3793 1233 3840 cartas
1249 3796 1332 3843 errori

195 3875 221 3922 in
238 3873 375 3937 personalia
398 3879 534 3922 mutantur.
568 3871 640 3921 Conl.
656 3869 739 3918 Bentl.
782 3873 829 3920 dat
844 3887 932 3921 nomen
947 3873 1072 3920 cirratis?
1105 3869 1223 3918 Horatius
1243 3886 1331 3921 namen

195 3955 226 4001 ad
242 3954 331 4002 Horat.
339 3952 412 4002 Satir.
421 3953 442 4000 Ι.
459 3965 498 3999 rx.
507 3951 547 3998 48.
564 3949 669 3998 afferens
680 3965 740 4013 quo·
781 3951 908 4012 imponere
926 3965 998 4015 saepe
1015 3951 1101 4006 utitur,
1116 3955 1146 3996 nt
1161 3946 1215 3996 loco
1234 3947 1283 3996 huc
1293 3949 1330 3996 in·

195 4047 243 4095 que
255 4031 387 4082 Claudiani
401 4031 451 4080 IV.
468 4029 543 4080 Cous.
558 4029 666 4078 Honorii
682 4030 739 4078 266.
782 4029 867 4091 primis
885 4029 989 4078 faciente
1006 4029 1078 4079 Satir.
1092 4028 1129 4076 11.
1147 4041 1188 4076 111.
1210 4027 1267 4075 280.
1286 4028 1330 4076 Ea·

195 4118 250 4161 tam
270 4113 363 4160 carim
387 4112 444 4160 irae
483 4108 642 4166 Connairur,
664 4124 741 4172 qaam
782 4123 849 4157 neore
864 4111 992 4169 imponens
1002 4111 1109 4166 copnnta
1121 4105 1329 4154 emacularetur.

194 4206 273 4254 poena
292 4195 375 4254 patet.
408 4187 448 4236 Ibi
471 4187 497 4235 in
515 4187 568 4236 aliis
585 4187 662 4237 MSS.
687 4195 741 4236 erat
784 4185 835 4235 Ubi
851 4185 933 4235 Schol.
957 4199 1005 4243 „ex
1027 4181 1205 4231 consuetudine
1222 4181 1329 4244 vulgari,

195 4271 362 4327 cmmalimar,
386 4268 547 4318 consulimus.
589 4264 741 4316 Concinnius
783 4265 881 4314 diversa
892 4265 1003 4328 quidem,
1017 4263 1061 4311 sed
1077 4275 1128 4310 non
1144 4259 1251 4309 multum
1265 4259 1329 4308 inter

196 4348 235 4396 hic
252 4353 385 4397 erraretur
406 4351 534 4408 propterca
551 4359 662 4409 quoque,
684 4346 742 4408 quia
784 4358 810 4392 se
831 4343 971 4392 distantia.“
1019 4339 1179 4391 Consuetudo
1204 4337 1328 4400 vulgaris,

196 4428 305 4491 sequitur
321 4429 405 4476 virtus
420 4439 508 4473 nonren
522 4427 652 4486 pomisnet.
783 4438 837 4472 mos
861 4422 975 4480 vivendi,
1000 4419 1104 4483 agendi,
1124 4418 1252 4482 loquendi,
1278 4432 1329 4466 uno

229 4509 268 4556 Et
285 4509 332 4556 isti
365 4505 461 4554 Errori
486 4517 573 4552 nomen
597 4505 679 4552 vireas
698 4518 742 4565 po·
784 4503 902 4552 vocabulo
914 4504 967 4552 atta
978 4498 1121 4564 appellatur.
1151 4499 1328 4560 Vitnr'mpam't
