3542 5634
691 501 872 565 LIBER
919 503 961 568 H.

300 691 371 756 Aut
393 690 534 755 labentis
558 710 640 775 equo
664 689 826 754 describat
848 690 984 754 vulnera
1008 689 1157 754 Parthis<

299 795 481 876 „Attamen
505 797 538 857 et
560 793 685 857 iustum
708 798 837 877 poteras
861 799 894 857 et
918 793 1056 858 scribere
1078 793 1215 873 fortem,

299 896 486 982 Scipiadam
510 902 548 961 ut
570 896 701 981 sapiens
726 896 908 961 Lucilius.“
956 895 1080 978 „Haud
1102 895 1185 959 mihi
1208 894 1316 975 deero,

251 1034 278 1082 vi
295 1034 492 1091 coniicientibus,
511 1040 538 1081 ut
554 1033 647 1081 sermm
663 1032 800 1095 pectoribus
840 1033 927 1081 cilius?
954 1032 1096 1096 'Scripsitne
1118 1032 1258 1094 Scipionem
1281 1031 1306 1078 in
1323 1037 1388 1077 utro-

251 1113 357 1161 infixum
374 1110 800 1175 hangcreturlignofisso,lignum
840 1112 965 1175 queritas
976 1115 1082 1173 genere?
1116 1111 1219 1159 Minime
1236 1107 1387 1158 verocom·

251 1206 267 1237 a
289 1191 355 1240 ferro
371 1191 530 1240 divideretur.
564 1190 649 1252 atque
665 1191 701 1237 ita
716 1189 798 1238 Acro:
839 1199 975 1240 mcututor:
999 1189 1043 1248 „Si
1060 1204 1110 1238 non
1126 1196 1194 1252 potes
1211 1196 1282 1252 gesta
1298 1188 1387 1238 Caesa·

252 1272 374 1327 „Fracta
391 1270 448 1333 qnia
465 1269 609 1317 vulneratus
625 1276 662 1317 est
678 1269 755 1317 hostis
771 1276 800 1317 ut
838 1269 872 1316 ris
889 1269 1006 1328 sonuere,
1023 1276 1049 1318 at
1065 1275 1133 1331 potes
1150 1269 1268 1317 iustitium
1285 1274 1309 1316 et
1320 1267 1387 1315 forti·

248 1354 274 1397 et
290 1350 358 1396 aena
378 1353 432 1410 sq.“
465 1348 538 1409 Quod
558 1345 744 1396 Commentator
769 1349 799 1396 de
837 1349 962 1406 tudinem,
987 1356 1015 1396 ut
1035 1347 1146 1397 Lucilius
1168 1349 1244 1396 vitam
1266 1347 1386 1409 Scipionis

249 1427 330 1475 Mario
358 1427 439 1484 addit,
473 1426 546 1475 alium
572 1427 797 1488 interpretationem
837 1429 961 1491 privatum
972 1428 1106 1491 descripsit,
1117 1428 1213 1476 Ennius
1226 1425 1386 1475 verobella.“

249 1511 377 1554 monstrat.
409 1505 560 1555 Plutarchus
576 1505 603 1553 iu
619 1505 701 1554 Mario
717 1505 798 1555 XXV
837 1505 970 1555 Trebatius
992 1505 1098 1554 Horatio
1121 1512 1207 1553 auctor
1231 1511 1280 1563 est,
1306 1512 1334 1552 ut
1358 1504 1385 1552 il-

248 1597 301 1631 rem
323 1583 450 1632 describit:
475 1583 576 1649 λέγεται
600 1582 621 1632 i'
646 1583 682 1640 εἰς
703 1583 799 1643 ἐκείνην
835 1581 990 1632 ludfaceret.
1018 1584 1098 1646 Lego:
1117 1585 1239 1632 Attamen
1256 1589 1281 1632 et
1290 1585 1386 1630 iustum

249 1663 297 1720 τὴν
318 1662 405 1726 μάχην
427 1667 530 1727 πρῶτον
552 1663 603 1712 ὑπὸ
621 1663 724 1726 Μαρίου
741 1681 796 1712 και·
835 1667 937 1723 poteras
953 1664 1100 1719 sumcere,
1111 1662 1209 1725 sortem
1238 1663 1384 1723 Scipiadam

247 1743 422 1803 νοτομηθῆναι
439 1743 468 1791 τὸ
485 1743 543 1806 περὶ
561 1744 620 1800 τοὺς
633 1741 735 1799 ὑσσούς.
763 1744 796 1791 Τὸ
836 1744 866 1786 ut
882 1741 983 1802 sapiens
998 1740 1119 1788 Lucilius.
1149 1737 1241 1788 Caesar
1252 1739 1384 1802 Augustus

247 1820 297 1882 γὰρ
314 1821 349 1877 εὶς
366 1823 412 1869 τὸν
429 1819 532 1884 σίδηρον
549 1821 668 1885 ἔμβλημα
685 1823 732 1868 τοῦ
751 1818 795 1875 ξύ·
835 1831 885 1865 nou
902 1824 999 1866 tantum
1016 1824 1053 1865 est
1070 1818 1107 1865 vir
1118 1816 1201 1876 fortis,
1212 1833 1299 1866 verum
1310 1819 1384 1867 etiam

246 1897 294 1954 λου
317 1898 441 1962 πρότερον
465 1900 512 1963 μὲν
536 1899 570 1958 ἦν
595 1897 650 1946 δυσὶ
674 1897 796 1962 περόναις
834 1896 921 1944 iustus.
955 1895 1032 1946 Sume
1048 1895 1177 1945 materiam
1189 1897 1305 1946 carminis
1316 1898 1383 1946 iusti·

246 1973 447 2040 κατειλημμένον
464 1975 586 2039 σιδηραῖς.
605 1975 661 2025 τότε
678 1974 703 2023 di
715 1975 729 2023 ὁ
740 1976 796 2025 Md·
833 1974 894 2021 tiam
912 1975 980 2024 tortis
997 1975 1121 2038 Augusti,
1141 1983 1168 2024 ut
1189 1975 1299 2025 Lucilius
1316 1990 1382 2023 sum·

245 2070 300 2116 ριος
317 2054 365 2112 τήν
380 2056 436 2117 μὲν,
454 2055 538 2118 ὥσπερ
555 2056 634 2116 εἶχεν,
652 2053 730 2113 εἴασε,
750 2054 796 2112 τὴν
833 2053 866 2100 sit
869 2053 953 2115 sutis
966 2055 1104 2115 Scipionis:
1114 2056 1196 2116 ipsam
1199 2055 1383 2118 fortitudinem

246 2131 268 2180 δ’
286 2130 373 2196 ἑτέραν
383 2131 475 2188 ἐξελὼν
486 2133 589 2189 ξύλινον
600 2130 665 2191 ἧλον
675 2131 794 2194 iiipasc-
834 2131 946 2196 relinque
958 2132 1040 2191 alteri,
1057 2141 1086 2180 nt
1096 2133 1209 2181 Lucilius
1221 2132 1320 2196 reliquit
1331 2134 1382 2181 En·

245 2228 293 2259 τον
323 2209 380 2259 ἀντ’
408 2211 491 2271 αὐτῆς
523 2209 638 2272 ἐνέβαλε,
666 2209 795 2272 τεχνάζων
834 2212 881 2260 uic.
915 2211 1034 2260 Horatius
1051 2213 1159 2260 dixerat:
1180 2212 1261 2275 quiuis
1276 2226 1326 2259 uon
1342 2213 1382 2260 ds-

247 2290 430 2353 προοπεσὸντα
448 2290 495 2340 τὸν
511 2288 591 2338 istiu
607 2289 646 2352 τῷ
654 2289 738 2352 θυρεῷ
748 2291 794 2337 τοῦ
833 2293 924 2340 scribit
943 2294 1048 2340 vulnera
1070 2292 1181 2349 Parma·
1204 2303 1264 2351 ergo
1284 2295 1309 2338 et
1329 2304 1380 2338 me-

244 2369 367 2432 πολεμὶου
382 2370 417 2432 μὴ
434 2367 518 2433 μένειν
534 2368 626 2432 ὀρθὸν,
655 2367 723 2416 ἀλλὰ
749 2371 794 2416 τοῦ
832 2369 881 2418 lius
898 2372 1008 2435 sequitur
1025 2378 1121 2434 poteras
1138 2371 1286 2429 metiore,
1307 2384 1381 2433 quarn

244 2447 347 2501 ξυλίνου
363 2445 519 2504 κλασθέντος
535 2448 610 2508 iilius,
628 2448 736 2511 καμπήν
752 2447 792 2511 pi·
832 2453 947 2501 scrihere.
981 2451 1052 2499 Idem
1074 2451 1177 2498 verbum
1199 2450 1226 2497 in
1241 2464 1268 2498 re
1284 2448 1329 2496 tali
1344 2463 1381 2497 re-

243 2527 334 2574 ver-ias
351 2527 408 2592 περὶ
425 2528 471 2576 τὸν
494 2525 613 2592 σίδηρον,
635 2528 677 2574 rai
700 2526 793 2590 παρέλ·
833 2527 930 2590 petitur.
959 2529 999 2577 Ita
1016 2528 1381 2590 Setir.11.rr.130.uoseaepu·

242 2606 332 2654 sechui
348 2606 378 2654 τὸ
404 2605 463 2669 δόρυ
480 2604 521 2654 διὰ
547 2606 596 2665 τὴν
620 2605 793 2670 στρεβλότητα
834 2608 1038 2656 titillo-ilium
1048 2609 1172 2669 nequities
1180 2606 1382 2668 sepelistMulta

242 2687 291 2743 τῆς
316 2683 411 2748 αἰχμῆς
436 2683 593 2748 ἐνεχόμενον.
635 2684 692 2732 Hoc
718 2684 794 2734 Marii
832 2685 951 2733 annotavi
967 2687 1097 2735 adHorat.
1110 2684 1194 2735 Carm.
1206 2684 1255 2733 IV.
1266 2699 1295 2732 11.
1307 2686 1381 2734 Adde

242 2764 371 2812 inventum
403 2765 489 2826 politae
515 2770 599 2812 nostro
626 2772 683 2813 ante
710 2764 792 2813 oculos
832 2762 946 2813 Oudend.
963 2764 1108 2815 adSueton.
1121 2763 1221 2814 Caesar.
1232 2763 1272 2812 38.
1294 2764 1328 2812 ln
1338 2764 1380 2814 Li-

242 2842 317 2891 fuisse
333 2843 400 2891 haud
416 2843 572 2890 crediderim:
593 2843 628 2890 sic
648 2843 713 2891 enim
735 2843 792 2890 scri-
832 2843 874 2890 vio
891 2857 958 2891 m.
968 2843 1008 2892 38.
1027 2845 1086 2892 Non
1095 2845 1212 2894 lamentis
1222 2845 1381 2906 lacrimisque

241 2923 331 2985 psisset
344 2923 441 2985 frop-iii
459 2926 595 2981 pereuntes
612 2922 712 2982 cuspide
731 2923 792 2970 Goi-
832 2929 953 2985 tunquam
977 2925 1114 2972 exstinctus
1136 2925 1266 2986 prosequi,
1292 2925 1381 2972 uiuunt

240 3002 283 3057 los,
309 3001 390 3062 potius
407 2999 584 3062 quamsractc.
613 2997 739 3048 Gesnerus
749 2999 792 3047 ali·
831 3002 962 3062 eipentque
971 3001 1049 3062 fama
1066 3017 1150 3049 rerum
1161 3008 1295 3064 pertarum.
1307 3008 1379 3059 recte,

240 3078 301 3141 quid
318 3077 421 3124 sensisse
437 3075 547 3131 videtur,
564 3074 708 3124 cumverba
718 3075 791 3124 Com·
830 3083 903 3139 puto,
929 3077 1028 3140 Lipsius
1054 3079 1206 3126 emendavit:
1231 3081 1319 3126 uiuunt
1344 3083 1380 3128 si-

240 3155 385 3205 meutatoris
401 3155 520 3216 corrigat,
536 3167 581 3216 pro
597 3140 723 3215 uifroetu
735 3155 792 3202 mit
830 3162 1101 3220 emique,quumquam
1110 3156 1251 3206 Gronovius
1260 3171 1311 3204 nou
1318 3171 1379 3220 opus

241 3240 357 3284 terantur
372 3233 457 3296 legens
474 3233 790 3295 utinasusronperentur.
831 3247 883 3282 esse
901 3235 999 3283 iudicat.
1027 3233 1272 3283 Hinc'emendandus
1286 3235 1379 3284 Miuut.

240 3311 429 3361 Tunkhanellus
437 3313 612 3374 interpretatur
621 3310 717 3369 Gallos,
730 3325 790 3374 quo·
830 3313 913 3362 Felix.
938 3315 963 3361 in
992 3312 1080 3363 Octav.
1108 3329 1133 3376 p.
1159 3313 1217 3362 256.
1251 3315 1381 3364 Naturale

239 3391 385 3440 rumtelum
396 3391 555 3455 praecipuum
566 3392 722 3446 essethastu,
734 3407 789 3452 poe·
829 3395 894 3441 enim
912 3398 962 3450 est,
987 3399 1013 3441 ei
1037 3395 1117 3442 adase
1140 3409 1211 3455 quem
1231 3394 1332 3450 timeas,
1354 3399 1380 3442 et

238 3485 308 3528 sum,
324 3471 426 3527 sentire,
451 3483 480 3517 ea
505 3469 582 3517 fracta
606 3468 650 3516 sibi
674 3483 727 3517 esse
748 3484 789 3532 pe·
829 3487 900 3533 quem
925 3473 1043 3520 iuetueris
1068 3472 1198 3535 infestare.
1232 3471 1378 3532 Legendum

240 3551 370 3597 reundum.
404 3547 556 3596 Doderlinus
583 3547 647 3595 hanc
671 3547 788 3611 interpre·
830 3550 954 3598 timueris.
971 3548 1103 3598 Caeterum
1114 3549 1239 3597 annotatio
1248 3547 1377 3597 Commen-

240 3628 357 3676 tationem
373 3627 465 3675 laudat.
828 3628 914 3675 uteris
937 3628 973 3676 sic
992 3627 1097 3691 legenda
1118 3635 1166 3678 est:
1184 3627 1228 3686 „Si
1244 3642 1294 3676 non
1310 3634 1379 3690 potes

274 3708 395 3755 Attamen
414 3712 440 3754 et
459 3708 556 3754 irritum
570 3711 673 3768 poteras
687 3711 712 3754 et
727 3708 787 3754 seri·
828 3712 898 3768 gesta
916 3705 1030 3755 Caesaris
1047 3715 1071 3756 et
1082 3707 1248 3757 fortitudinem
1260 3707 1377 3764 seribere,

238 3783 407 3845 berefortem.
440 3783 570 3845 Quomodo
584 3787 683 3847 fortem
699 3785 746 3833 nisi
761 3785 787 3832 in
827 3792 853 3833 at
869 3791 938 3848 potes
954 3786 1097 3837 iustitiam.“

238 3861 318 3910 belloi
350 3863 394 3913 Ad
415 3863 481 3913 bella
500 3863 611 3912 canenda
632 3862 735 3911 Horatio
751 3861 787 3910 ri·
861 3863 942 3912 Haud
963 3867 1027 3914 iiiiii
1043 3869 1127 3925 deero,
1164 3868 1247 3925 Quum
1265 3880 1304 3914 res
1320 3867 1377 3928 ipsa

238 3954 279 3988 res
304 3941 412 3990 deerant.
446 3944 525 4004 Quid,
549 3943 573 3990 si
595 3942 668 3990 rebus
693 3940 786 3989 bellicis
816 3943 900 4006 seret.
933 3943 1085 4006 Itatempus
1103 3945 1237 4003 indicatur,
1254 3945 1320 4007 quod
1333 3957 1377 3991 nec

237 4020 599 4085 accedereutinpuoegestse?
627 4019 785 4070 Onusoneri.
826 4036 955 4084 possumus
972 4037 1017 4072 uec
1033 4024 1149 4071 debemus
1167 4023 1305 4086 negligere,
1329 4023 1377 4070 nisi

238 4098 389 4160 Interpretes
409 4100 507 4163 fortem
531 4101 640 4162 accipere
664 4105 787 4161 coguntur
826 4100 897 4148 nobis
918 4101 1002 4148 deesse
1027 4101 1138 4150 velimus.
1173 4101 1272 4148 Terent.
1295 4099 1376 4150 Andr.

237 4184 364 4240 tamquam
389 4194 544 4240 ρυιυνοιιοη,
569 4185 647 4235 recte,
672 4178 786 4235 honeste,
826 4177 877 4226 III.
894 4191 933 4225 111.
952 4178 989 4227 18.
1024 4180 1081 4226 Imo
1097 4180 1137 4226 itu
1153 4180 1217 4236 noio,
1234 4180 1320 4240 itaque
1333 4192 1377 4239 po·

238 4263 338 4304 suenue
366 4263 490 4320 agentem.
532 4257 672 4315 Sententia,
700 4258 787 4316 credo,
825 4258 904 4312 stuic,
921 4262 952 4304 ut
960 4257 1027 4319 fist,
1047 4257 1166 4305 Chreme:
1189 4257 1277 4318 Neque
1291 4262 1376 4318 portu·

238 4336 310 4382 unice
335 4335 451 4398 designat
467 4335 566 4398 fortem
591 4337 666 4393 bello,
688 4337 786 4384 iustum
826 4339 873 4385 hm
902 4337 948 4384 ahs
975 4340 1012 4391 te,
1041 4335 1092 4382 nisi
1119 4335 1176 4398 ipsu
1203 4349 1243 4383 res
1272 4340 1376 4383 uwneat.

236 4429 306 4476 poce.
344 4413 476 4462 Trebatius
504 4414 609 4463 Horatio
630 4415 729 4471 suadet,
758 4420 786 4461 ut
826 4412 936 4477 Adelph.
955 4413 1004 4463 IV.
1022 4427 1070 4461 ιιι.
1089 4414 1126 4461 12.
1155 4413 1203 4461 De.
1230 4413 1377 4470 Quidnam

238 4492 381 4555 exemplum
398 4494 489 4542 Lucilii
501 4498 638 4558 sequatur.¹
658 4492 723 4552 Quid
734 4494 784 4541 Lu·
820 4494 946 4557 futurum
963 4491 1022 4540 est?
1056 4491 1101 4540 Mi.
1119 4493 1146 4538 id
1163 4493 1240 4550 enim,
1256 4494 1322 4552 quod
1337 4507 1377 4540 res
