3542 5634
375 471 417 532 84
747 455 1136 528 SATIRARUM.

377 820 409 868 de
429 817 539 868 Lucilio:
565 819 625 866 Nou
643 821 711 867 ridet
734 835 820 869 ιιιιιιι
848 819 923 868 Enni
963 829 1045 884 ponet.
1079 823 1129 870 Per
1145 837 1209 885 quae
1234 821 1290 869 rult
1310 819 1418 880 intelligi
1434 818 1520 866 Hora·

377 900 503 961 praeunte
531 899 663 946 minores“
701 899 788 947 Verba
810 900 923 948 ιιώιιιιιι
962 901 1012 948 tius
1037 909 1062 949 et
1082 916 1136 950 sese
1156 903 1192 950 ita
1213 900 1305 950 Lucilii
1325 913 1412 948 versus
1433 909 1519 958 repre·

378 991 435 1026 eum
450 977 531 1024 dicere
550 983 609 1024 sunt
629 977 762 1035 eiicienda,
783 978 874 1041 quippe
890 990 923 1024 ex
963 980 1085 1038 hendisse,
1093 988 1121 1028 ut
1132 995 1182 1028 non
1193 979 1348 1028 tamenseer
1359 977 1519 1039 anteponat

379 1054 457 1104 altero
473 1053 573 1104 Seholio
588 1055 729 1114 hueillata,
745 1064 775 1104 ut
788 1057 881 1105 eenties
898 1055 924 1102 in
963 1058 1045 1118 Vere,
1062 1067 1129 1122 puto.
1165 1059 1197 1107 In
1221 1059 1268 1106 hae
1289 1063 1373 1106 autem
1394 1054 1522 1104 sententia

379 1134 485 1185 Sehotiis
500 1134 555 1182 istis
566 1134 664 1183 aeoidit.
694 1136 793 1186 Ennius
813 1136 923 1184 dixerat:
964 1135 1099 1199 loquitur
1091 1152 1118 1184 ιιι
1134 1137 1213 1186 altero
1228 1136 1340 1184 membro
1355 1134 1561 1196 repetendum

378 1215 545 1276 loteserreus
561 1215 642 1261 hostis
666 1216 766 1263 Horret
781 1231 849 1277 oper.
872 1215 924 1263 Lu·
964 1223 1013 1264 est:
1030 1230 1088 1264 eum
1104 1217 1135 1264 de
1151 1231 1178 1264 se
1194 1215 1317 1278 loquitur,
1338 1213 1450 1276 loquitur
1466 1226 1521 1259 non

378 1291 448 1340 cilius
463 1306 509 1355 per
524 1292 662 1340 irrisionem
678 1292 755 1343 dixit.
780 1295 878 1342 Horret
899 1299 924 1341 et
964 1303 992 1343 ut
1008 1296 1039 1343 de
1060 1295 1161 1344 maiore
1195 1293 1338 1344 Lucilius
1330 1307 1383 1355 ipse
1405 1293 1521 1354 agnoseit

378 1373 446 1433 ahot
461 1387 527 1433 oper.
560 1370 658 1420 Lucilio
673 1385 724 1419 non
740 1372 851 1435 plaeebat
866 1371 924 1435 ser·

377 1464 452 1497 reus:
467 1450 575 1498 mutarit
590 1464 701 1509 versum,
716 1452 800 1499 addito
811 1457 837 1500 ot
846 1453 925 1513 olpet5

377 1528 507 1591 ambigue,
523 1543 582 1577 nam
597 1531 664 1592 quod
673 1529 790 1592 ferreum
801 1537 839 1577 est
848 1530 924 1590 eloet,

377 1613 403 1654 et
418 1621 506 1655 versus
522 1609 596 1670 olori,
610 1607 716 1670 frigidus
732 1614 776 1656 est.

410 1685 460 1746 Qui
476 1700 562 1734 versus
577 1687 656 1734 Ennii
671 1687 707 1735 sie
722 1686 841 1741 mutabat,
857 1684 923 1732 idem

377 1777 464 1812 versus
475 1764 547 1813 Aoeii
554 1766 657 1823 ridebat,
674 1781 735 1829 qnos
747 1764 864 1828 gravitmi
872 1770 922 1811 tra·

376 1843 445 1905 giene
469 1860 558 1908 parum
581 1847 729 1909 respondere
749 1843 923 1892 arbitrabatur.

376 1922 558 1972 Animadverte
574 1932 671 1984 autem,
688 1923 812 1972 eontraria
839 1929 864 1970 et
879 1936 923 1984 op

375 2003 455 2065 posita
470 2003 517 2051 sibi
527 2003 649 2052 scribendi
660 2018 753 2067 genera
762 2041 769 2062 ,
777 2003 855 2052 Ennii
867 2015 922 2049 ora·

376 2082 468 2131 tionem
491 2083 612 2146 tragieam
636 2083 663 2131 in
679 2082 833 2139 Annalibus,
850 2079 923 2129 Aoeii

376 2160 494 2210 humilem
510 2161 537 2209 in
552 2162 694 2224 tragoediis.
720 2162 829 2209 Mutare
844 2166 869 2208 et
888 2160 922 2206 ri·

374 2241 432 2289 dere
448 2241 513 2288 idem
529 2241 677 2302 significant.
695 2241 833 2289 Gravitote
845 2240 922 2286 mino-

374 2333 416 2367 res
432 2319 619 2368 Commentator
629 2321 805 2383 interpretatur
821 2319 923 2375 „minus

373 2413 462 2460 moves
472 2413 548 2460 quom
559 2401 681 2461 oportere
697 2397 870 2461 Porphyrioz,
873 2395 922 2458 ,qui

373 2476 482 2525 minores
506 2485 576 2537 sunt,
601 2492 752 2542 quamquam
776 2475 923 2538 dignitatern

374 2554 426 2603 eius
438 2554 514 2618 possit
526 2557 647 2619 assequi.“
665 2555 726 2613 Seu,
742 2561 770 2602 ut
779 2553 921 2602 emendavi:

374 2635 419 2696 qui
434 2636 542 2683 minores
563 2625 632 2691 sulit,
657 2651 733 2697 quom
753 2636 798 2696 qui
814 2634 922 2694 dipuito·

375 2718 424 2760 tem
449 2714 503 2760 eius
520 2713 620 2774 possint
639 2714 746 2775 assequi.
782 2710 810 2760 Si
835 2725 922 2759 versus

374 2790 518 2853 reprehensi
533 2797 591 2839 sunt
608 2792 715 2840 ndnores
730 2791 868 2852 prot-itote,
885 2789 922 2837 di·

375 2871 496 2932 gnitatem
520 2871 608 2934 poetae
624 2884 675 2919 non
691 2869 788 2932 assequi
805 2875 922 2931 possunt,

375 2956 433 2998 sunt
450 2948 578 2998 inferiores
594 2956 691 2998 caetera
701 2949 829 3012 gravitate.
854 2950 922 2996 Gra·

374 3031 443 3077 vitos
464 3016 597 3080 verborum
609 3029 710 3093 propria
726 3036 764 3077 est
779 3027 922 3090 tragoediis,

375 3115 428 3156 erat
449 3108 563 3171 inprimis
586 3109 671 3156 Aoeio.
704 3109 760 3157 Iam
781 3106 922 3165 Pacuvius,

376 3186 416 3235 cui
433 3188 515 3235 Atrea
535 3187 646 3250 legebat,
662 3202 753 3236 sonoro
768 3192 794 3236 et
812 3187 922 3248 prandio

377 3267 403 3312 ιιι
419 3266 470 3313 ista
486 3267 615 3328 traqoedio
626 3267 780 3328 aanoseehot,
790 3271 853 3312 teste
864 3262 922 3312 Gel-

375 3342 410 3391 lio
425 3343 459 3391 N.
476 3342 511 3392 A.
528 3342 606 3391 XIII.
624 3357 653 3392 ιι.
672 3345 764 3392 Αιιιιιι
776 3349 851 3404 utque
869 3343 922 3389 Pa-

376 3423 470 3479 cuvius,
487 3421 522 3469 ait
543 3419 648 3481 Quintil.
666 3421 747 3470 instit.
763 3421 833 3478 Orat,
850 3421 884 3470 X.
903 3435 921 3468 1.

376 3499 416 3550 97.
433 3501 571 3549 clarissimi
585 3503 713 3561 pravitate
729 3502 921 3557 sententiarum,

375 3579 506 3626 uerborum
519 3579 637 3640 pondere,
653 3583 679 3625 et
695 3580 848 3626 auctoritate
866 3594 922 3638 per·

375 3669 504 3703 sonarum.
539 3653 612 3704 Ovid.
638 3654 659 3703 1.
684 3654 774 3702 Amor.
799 3656 859 3704 XV.
883 3657 921 3704 19.

376 3733 481 3780 Ennius
505 3739 563 3782 orte
587 3747 682 3790 careres,
704 3734 857 3798 rumorique
873 3737 922 3782 Ae·

375 3811 430 3858 eius
446 3811 504 3860 ‹m‘s

963 1387 991 1422 se
1006 1388 1057 1422 non
1073 1375 1207 1429 maiorem,
1223 1373 1266 1420 sed
1283 1373 1417 1426 minorem,
1439 1377 1465 1417 et
1482 1370 1520 1416 fa·

964 1452 1036 1501 cilius
1053 1467 1106 1500 esse
1122 1451 1314 1514 reprehendere,
1337 1463 1412 1512 quam
1434 1462 1520 1496 emen-

964 1532 1031 1580 dare.
1054 1532 1125 1580 Idem
1142 1537 1195 1579 erat
1211 1530 1330 1578 iudicium
1339 1527 1425 1578 Ovidii
1435 1527 1520 1589 Epist.

964 1624 998 1658 ex
1013 1611 1096 1660 Ponto
1111 1611 1210 1659 111.1x.
1229 1611 1268 1658 15.
1285 1623 1352 1671 seqq.
1362 1610 1421 1655 Non
1432 1609 1521 1656 eudem

964 1691 1032 1739 ratio
1055 1695 1102 1748 est,
1125 1691 1217 1737 sentire
1241 1694 1267 1736 et
1292 1691 1388 1736 desim
1404 1688 1520 1745 rrrorbos5

967 1771 1059 1818 Seruus
1068 1771 1133 1816 inest
1144 1769 1259 1816 eunetis:
1278 1769 1379 1815 tollitur
1392 1771 1450 1814 arte
1466 1781 1520 1813 mo·

964 1849 1024 1894 lum.
1051 1846 1183 1908 Corripere
1198 1852 1227 1894 at
1242 1860 1284 1893 rea
1299 1850 1337 1892 est
1355 1849 1427 1892 tanto
1439 1845 1521 1906 meo-ie

963 1928 1059 1984 arduo,
1087 1929 1182 1987 ᾳιιιιιιο
1226 1925 1339 1985 Moenus
1368 1923 1521 1970 Aristarcho

964 2006 1044 2053 maior
1071 2005 1198 2052 Homerus
1221 2008 1287 2051 erat
1320 2001 1388 2059 Alii,
1412 2007 1441 2048 ut
1467 2001 1520 2048 iam

964 2083 1104 2141 Gesnerns,
1115 2081 1217 2144 legrmt:
1238 2081 1302 2129 Cum
1316 2083 1346 2128 de
1361 2081 1519 2141 reloquitur,

964 2178 1013 2211 noa
1030 2168 1059 2210 ut
1076 2163 1170 2210 oraim
1185 2159 1359 2222 reprensus
1352 2174 1368 2206 1
1378 2174 1399 2207 e
1416 2172 1475 2206 cum
1486 2160 1520 2208 de

964 2256 990 2290 se
1006 2241 1117 2305 loquitur
1133 2239 1261 2294 Lucilius,
1278 2239 1313 2285 ita
1328 2237 1439 2300 loquitur
1454 2245 1519 2286 taur·

963 2335 1039 2383 quam
1056 2321 1086 2368 de
1102 2319 1196 2367 maiore
1213 2317 1255 2373 ιιι,
1272 2331 1333 2378 quos
1350 2317 1519 2378 reprehendit.

962 2399 1077 2448 Lucilius
1094 2399 1141 2454 ita,
1167 2396 1263 2444 loeutus
1280 2397 1310 2444 de
1326 2396 1420 2453 Ennio,
1443 2396 1475 2443 de
1490 2410 1519 2444 se

963 2480 1081 2542 loquens,
1105 2477 1207 2525 diceret:
1238 2478 1318 2524 ιιιιιιιι
1341 2490 1397 2523 sum
1423 2476 1520 2524 Ennio.

964 2557 1029 2606 Tam
1045 2570 1125 2604 vanus
1142 2562 1167 2603 et
1183 2555 1280 2616 ineptus
1297 2568 1348 2602 non
1363 2561 1425 2611 erat,
1436 2567 1520 2616 neque

963 2636 997 2684 sie
1022 2643 1094 2685 notus
1117 2649 1150 2682 ex
1174 2633 1288 2682 Horatio.
1329 2634 1370 2682 De
1394 2633 1521 2681 sententia

962 2729 1013 2763 non
1030 2714 1128 2769 dubito,
1145 2712 1188 2760 sed
1205 2727 1237 2759 an
1254 2711 1373 2760 Horatius
1389 2726 1445 2760 eam
1462 2712 1520 2762 istis

962 2793 1044 2841 verbis
1061 2791 1235 2854 expressisset,
1253 2790 1300 2837 hoe
1317 2789 1408 2838 dubito.
1431 2791 1519 2840 Multo

962 2871 1053 2919 elarius
1079 2877 1104 2918 et
1127 2869 1209 2930 magis
1234 2868 1325 2916 Latine
1342 2869 1518 2930 expressisset:

964 2950 1029 2998 Cum
1046 2950 1159 3011 loquitur
1175 2950 1206 2995 de
1221 2961 1262 3005 se,
1274 2952 1303 2994 ut
1315 2948 1345 2994 de
1356 2961 1405 2994 uon
1422 2949 1518 2997 tetriore

961 3029 1093 3099 repressis.

993 3105 1145 3155 Doderlinus
1162 3119 1260 3168 quoqne
1283 3105 1311 3152 in
1328 3103 1433 3167 vulgata
1456 3105 1517 3153 seri·

960 3192 1034 3248 ptura
1057 3184 1134 3233 trium
1155 3197 1273 3231 versuum
1295 3182 1442 3246 explicanda
1458 3183 1517 3232 hae

960 3272 1010 3312 ret:
1029 3271 1113 3314 mutet
1128 3279 1174 3328 pro
1189 3264 1349 3326 reprehendit
1364 3263 1387 3312 ei
1403 3277 1454 3311 non
1463 3263 1517 3326 pla·

960 3350 1005 3393 eet.
1039 3343 1171 3407 cogitabat
1193 3344 1223 3390 de
1248 3342 1324 3391 verbo
1348 3343 1496 3389 mutando'
1489 3357 1517 3390 ιιι

963 3425 1071 3480 mordet,
1088 3424 1195 3485 accipere
1211 3429 1294 3469 tamen
1310 3421 1418 3469 malebat
1429 3421 1459 3468 de
1469 3437 1517 3482 po

962 3503 1042 3550 rodis.
1075 3501 1201 3556 Lucilius,
1223 3499 1270 3556 ιιι,
1295 3499 1371 3548 comis
1391 3500 1444 3561 ipse
1460 3514 1516 3547 ora-

962 3581 1041 3638 tione,
1066 3579 1140 3642 longe
1162 3579 1275 3626 diversus
1297 3594 1312 3626 ι
1332 3579 1442 3641 tragica,
1460 3594 1516 3627 ora-

963 3658 1056 3706 tionem
1064 3659 1149 3716 Aoeii,
1167 3658 1291 3705 interdum
1308 3657 1448 3720 plusquam
1464 3665 1515 3706 ιιι-

965 3737 1057 3800 gicam,
1078 3737 1471 3801 ridetiuparodia,dumeau1
1488 3737 1514 3784 in

963 3831 1058 3865 comem
1075 3824 1099 3865 et
1124 3816 1253 3878 vulgarem
1275 3823 1437 3876 transmutat;
1462 3818 1515 3866 En-

410 3890 476 3940 Cum
492 3891 523 3940 de
546 3905 572 3939 se
587 3892 700 3954 loquitur
721 3907 769 3940 non
785 3896 815 3939 ut
830 3893 924 3941 maiore
964 3895 1033 3942 nium
1050 3901 1136 3942 eontra
1152 3893 1215 3942 ridet
1232 3901 1359 3956 tamquam
1376 3895 1450 3944 nimis
1468 3897 1514 3944 hu—

373 3972 506 4034 repreasis.
541 3969 738 4020 commentator.
764 3970 839 4028 „Non
860 3976 922 4018 tam-
964 3973 1047 4020 milem
1064 3979 1088 4020 et
1104 3973 1249 4034 pedestrem,
1265 3977 1290 4019 et
1306 3986 1367 4020 sono
1382 3973 1445 4035 epici
1460 3989 1514 4022 ear-

374 4065 449 4114 quam
466 4049 545 4098 maior
561 4050 594 4098 ιιι
605 4050 643 4098 his
649 4064 729 4112 quos
741 4049 922 4113 reprehendit
963 4051 1037 4099 minis
1062 4051 1214 4099 destitutum.
1256 4050 1322 4098 Tum
1350 4049 1426 4113 legit:
1455 4055 1515 4102 Non

374 4131 454 4180 Αιιο.
472 4131 587 4219 „quando
604 4131 634 4177 de
650 4143 677 4178 se
692 4129 809 4192 loquitur,
826 4128 923 4176 nonsit:
963 4131 1030 4179 ridet
1046 4145 1129 4180 versus
1154 4132 1226 4178 Euri
1243 4132 1369 4191 orooitete
1386 4131 1512 4182 minores?

374 4209 433 4256 dicit
449 4208 519 4272 quasi
535 4208 622 4257 melior
638 4210 671 4258 sit
686 4208 737 4256 illis
754 4209 845 4270 poetis,
861 4222 922 4270 quos
966 4208 1030 4257 Cum
1055 4211 1085 4258 de
1102 4224 1129 4257 se
1151 4211 1265 4270 loqu-itur
1289 4223 1340 4256 nou
1364 4213 1394 4256 ut
1419 4213 1516 4260 malote

374 4288 426 4350 ipse
453 4289 634 4350 reprehendit“
670 4288 856 4350 Porphyrioz,
858 4301 923 4345 ,eum
963 4289 1104 4350 reprobris?
1156 4286 1223 4337 Cum
1259 4287 1370 4351 loquitur
1402 4288 1433 4336 de
1469 4305 1513 4348 se,

373 4366 410 4414 ita
425 4380 471 4414 sua
487 4375 593 4416 ostentat
608 4368 747 4431 scriptaque
758 4367 874 4416 Enniana
885 4381 922 4415 re·
963 4381 1013 4416 non
1035 4368 1143 4431 loquitur
1163 4376 1289 4432 tamquam
1315 4369 1345 4416 de
1366 4369 1458 4418 maiore
1475 4385 1513 4419 re·

372 4443 510 4507 prehendit,
525 4453 554 4493 ut
570 4454 713 4494 nontamen
723 4447 807 4495 Ennio
817 4461 844 4496 se
853 4460 922 4510 prae-
963 4447 1074 4511 prensis?

423 653 532 732 Quum
556 651 596 715 de
619 671 654 714 se
677 646 841 732 loquitur,
865 665 933 708 non
956 647 995 706 ut
1017 641 1140 706 maiore
1164 637 1349 724 reprensis?
