3542 5634
705 449 888 513 LIBER
937 452 960 514 l.

307 633 464 703 Difficiles
489 633 598 698 aditus
622 634 745 718 primos
769 635 903 700 habet.“
953 636 1076 718 „Haud
1099 637 1182 701 mihi
1206 637 1316 714 deero;

305 736 497 801 Muneribus
522 759 630 801 servos
655 758 875 823 cormmpam3
900 760 982 820 non,
1007 739 1103 804 hodie
1128 740 1156 804 si

305 839 471 904 Exclusus
495 839 604 922 fuero,
630 840 806 919 desistam3
835 848 983 926 tempora
1006 865 1176 926 quaeram:

305 941 481 1006 Occurram
504 942 539 1005 in
563 941 689 1020 triviis3
714 943 889 1009 deducam!
935 945 994 1009 Nil
1018 945 1088 1009 sine
1112 967 1232 1030 magno

303 1045 383 1109 Vita
405 1045 514 1110 labore
538 1045 630 1110 dedit
653 1047 883 1112 mortalibus.“
932 1048 1023 1113 Haec
1047 1049 1126 1112 dum
1150 1049 1236 1133 agit,
1261 1071 1333 1114 cccc

304 1149 431 1214 Fuscus
454 1149 600 1214 Aristius
625 1149 782 1232 occurrit,
806 1151 891 1215 mihi
914 1173 1024 1234 carus,
1050 1158 1083 1216 et
1105 1152 1200 1216 illum

305 1250 370 1330 Qui
395 1251 530 1336 pulchre
555 1259 676 1317 nosset.
726 1252 957 1319 Consistimus
1001 1248 1121 1336 „Unde
1145 1254 1283 1320 venis?“
1311 1262 1343 1320 et

303 1352 399 1435 „Quo
422 1354 575 1418 tendis?“
601 1360 697 1439 rogat
721 1361 754 1420 et
775 1356 959 1441 respondet.
1008 1357 1136 1422 Vellere
1160 1358 1268 1442 coepi,

303 1456 348 1520 Et
368 1479 521 1541 prensare
542 1480 643 1522 manu
666 1459 853 1524 lentissima
874 1460 1026 1542 brachia,
1050 1467 1189 1543 nutam,

303 1557 521 1643 Distorquens
545 1561 676 1643 oculos,
700 1566 739 1625 ut
762 1583 815 1627 me
838 1562 984 1647 eriperet.
1033 1563 1121 1627 Male
1145 1563 1250 1628 salsus

305 1661 428 1726 Ridens
452 1661 677 1741 dissimulare3
702 1687 812 1730 meum
837 1666 925 1731 iecur
948 1688 1040 1730 urere
1063 1666 1150 1732 bilis.

302 1764 422 1846 „Certe
446 1766 555 1830 nescio
579 1767 658 1851 quid
682 1773 804 1833 secreto
828 1770 912 1833 velle
935 1768 1026 1854 loqui
1050 1776 1082 1834 te

302 1867 446 1948 „Aiebas
470 1873 634 1933 mecum.“
682 1870 844 1952 „Memini
868 1872 969 1952 benc,
994 1872 1052 1936 sed
1074 1871 1201 1934 meliori

303 1970 483 2055 „Tempora
506 1971 628 2036 dicam:
652 1973 749 2038 hodie
773 1974 940 2039 tricesima
964 1974 1119 2039 sabbata:
1143 1973 1211 2038 vin'
1236 1980 1272 2038 tu

302 2071 437 2155 „Curtis
462 2075 592 2139 Iudaeis
617 2076 820 2160 oppedere?“
871 2076 997 2157 „Nulla
1018 2076 1142 2158 mihi‚“
1166 2076 1318 2161 inquam,

287 2225 327 2271 Et
345 2239 467 2286 prereeare
483 2242 561 2275 mana
577 2228 717 2276 lentissima
733 2229 803 2276 brac·
846 2228 955 2290 quodam
980 2227 1125 2275 nominandi
1147 2234 1220 2275 notus
1242 2233 1280 2274 est
1302 2225 1341 2274 vel
1365 2241 1397 2274 ex

254 2305 319 2352 cleia.
353 2304 417 2352 Mire
442 2305 588 2353 dissentiunt
611 2306 755 2369 interpretes
777 2307 803 2354 in
845 2307 877 2354 N.
896 2306 927 2354 T.
944 2306 1004 2354 Luc.
1022 2305 1070 2355 VI.
1084 2307 1104 2354 1.
1116 2305 1158 2353 ubi
1170 2311 1321 2353 memoratur
1333 2305 1395 2366 σάβ-

254 2382 399 2445 explicando
421 2387 568 2433 lentissima
601 2385 678 2434 Recte
699 2387 748 2434 iam
764 2401 804 2434 ae·
843 2385 931 2446 βατον
948 2385 1156 2450 δευτερόπρωτον.

255 2466 355 2522 ceptum
370 2470 408 2510 est
424 2463 455 2510 ab
471 2463 598 2518 Erhardo,
621 2463 648 2510 ni
664 2461 750 2520 fallor,
771 2465 803 2512 ad
876 2464 1027 2512 Doderlinus
1049 2463 1124 2526 legit:
1150 2465 1233 2510 Hodie
1255 2463 1396 2518 tricesima,

254 2539 355 2588 Petron.
370 2542 406 2589 18.
419 2541 503 2604 pigra,
515 2541 597 2598 tarda,
610 2543 698 2598 surda,
707 2543 802 2605 segnia,
843 2543 965 2591 crabbum!
998 2542 1081 2590 Hodie
1097 2541 1221 2588 tricesima
1236 2539 1327 2587 mensis
1345 2539 1396 2586 dies

254 2617 317 2665 nihil
341 2627 462 2668 commota
486 2635 542 2669 meo
566 2634 659 2682 pressu.
692 2621 804 2683 Legebat
844 2627 894 2679 est,
911 2621 1045 2683 eademque
1062 2619 1164 2668 sabbata
1175 2625 1219 2667 est.
1241 2617 1394 2679 Exemplum

255 2709 342 2760 nempe
357 2714 482 2760 mereare,
494 2706 523 2746 ut
533 2699 584 2748 alii.
601 2699 720 2749 Praefero
729 2717 803 2762 pren·
844 2699 943 2762 quidem
961 2700 1049 2747 cinon
1068 2698 1194 2760 cognitmn
1211 2703 1260 2752 est,
1278 2709 1326 2757 quo
1339 2711 1362 2743 r.
1375 2709 1394 2742 c.

253 2784 324 2823 aare:
349 2792 465 2838 pressare
485 2787 566 2825 ortum
585 2780 683 2827 videtur
698 2794 732 2827 ex
745 2775 801 2842 prd-
844 2780 967 2828 diceretur
991 2781 1118 2827 tricesimo
1139 2780 1234 2840 aprilis
1250 2789 1296 2838 pro
1311 2777 1397 2836 pridie

253 2867 318 2901 aare.
351 2855 473 2903 Bracchia
489 2863 573 2903 autem
590 2858 729 2905 lentissima
745 2864 804 2906 sunt
845 2861 928 2916 Matr,
946 2859 987 2906 vel
1003 2862 1089 2919 primu
1105 2873 1149 2920 pro
1166 2858 1286 2912 calendio,
1305 2854 1395 2902 verosi-

253 2932 360 2982 hominis
378 2936 523 2990 lectitanti,
544 2927 673 2995 ut'fcrtt‘a
688 2941 803 2995 pectora,
844 2937 902 2984 mile
918 2945 1001 2986 tamen
1019 2937 1117 2983 videtur
1133 2937 1167 2983 ita
1179 2935 1205 2981 in
1216 2948 1329 2982 sermone
1341 2933 1395 2981 vul·

254 3019 278 3058 et
295 3013 346 3059 alia
361 3013 509 3059 huiusmodi.
844 3015 900 3074 gari
916 3015 1044 3063 Romanos
1061 3014 1135 3061 brisso
1152 3012 1254 3060 locutos
1289 3012 1316 3060 Si
1334 3012 1394 3074 quid

287 3091 361 3138 Male
369 3092 452 3138 aalma
462 3093 561 3139 Ridere
569 3089 802 3139 dissimulareOra·
845 3092 926 3140 valeat
943 3093 969 3140 in
986 3093 1033 3140 hac
1050 3106 1138 3140 caussa
1155 3093 1236 3147 Acro,
1254 3090 1296 3152 qui
1308 3104 1340 3136 ex
1352 3104 1393 3136 an-

252 3169 345 3216 tionem
368 3169 441 3218 facies
462 3153 563 3217 crimino
585 3168 666 3230 magis
687 3169 803 3218 Latinam
844 3172 990 3235 tiquioribus
1007 3171 1098 3220 habere
1114 3171 1205 3234 potuit,
1223 3169 1292 3218 Acro
1309 3169 1344 3215 ita
1360 3169 1393 3216 lc-

253 3248 393 3296 scribendo:
419 3251 491 3298 Male
506 3250 608 3312 salsum
627 3249 736 3306 Ridere,
754 3253 803 3300 dis-
844 3259 916 3299 cutus
932 3258 982 3309 est,
1006 3251 1037 3298 ad
1058 3251 1146 3299 Horat.
1169 3249 1243 3298 Satir.
1267 3249 1304 3297 ΙΙ.
1322 3261 1352 3296 11.
1370 3249 1393 3296 4.

252 3329 382 3376 motatore.
410 3328 489 3376 Tacit.
501 3326 597 3376 Annal.
608 3326 656 3374 IV.
674 3328 713 3375 60.
743 3330 803 3376 Fal·
843 3330 964 3386 „Decimo
985 3330 1088 3391 septimo
1109 3327 1251 3377 Decembris
1275 3327 1393 3376 Saturna-

253 3420 310 3454 aum
336 3410 451 3457 renidens
478 3411 559 3456 valta.
593 3407 668 3456 Silius
696 3409 718 3456 1.
746 3410 802 3458 398.
842 3405 876 3454 lia
893 3407 1103 3456 celebrabantur.“

253 3488 482 3534 suerumurrr‘deru.
505 3486 602 3535 Auctor
619 3486 734 3534 carminis
751 3488 802 3536 Ho-
880 3488 938 3534 Vin'
962 3492 991 3534 tu
1026 3486 1115 3533 Curtia
1134 3486 1239 3532 Iudaeis
1255 3485 1394 3546 oppeciere?

252 3565 486 3622 ratiotributi,111.
500 3579 590 3613 xxvn.
602 3565 642 3614 67.
669 3567 802 3629 Perfidum
845 3567 927 3613 Nullo
944 3567 1018 3622 utilit,
1035 3568 1152 3627 inquom,
1166 3563 1271 3626 Rele'pio.
1301 3562 1394 3613 Omnia

254 3645 338 3692 ridens
358 3646 448 3693 Venas.
482 3643 557 3692 Talia
573 3643 652 3692 multa
668 3652 726 3692 sunt
737 3647 802 3706 apud
842 3645 903 3693 haec
919 3653 976 3692 sunt
1001 3643 1107 3694 Horatii.
1142 3641 1210 3702 Quin
1235 3642 1327 3706 oppede
1351 3642 1393 3690 Iu-

256 3721 364 3770 Graecos
380 3723 477 3784 poetas,
495 3728 524 3770 ut
540 3723 722 3772 nobilissimum
741 3723 802 3772 illud
842 3725 921 3774 dacis!
965 3727 1022 3786 Ego
1047 3724 1145 3787 quidem
1170 3723 1272 3785 oppede.
1315 3722 1394 3771 Nulla

253 3801 357 3847 Homeri
374 3799 495 3864 δακρυόεν
517 3801 610 3865 γελᾷν,
636 3809 660 3850 et
687 3802 801 3864 Sapphus
841 3804 904 3851 mihi
920 3811 957 3852 est
973 3804 1074 3865 religio,
1092 3802 1217 3850 tricesima
1234 3801 1393 3850 istasabbata

253 3875 300 3924 ἁδὺ
318 3879 444 3941 φωνᾶσαι,
467 3881 539 3928 dulce
554 3881 676 3930 ridentem
693 3882 801 3930 Horatii.
842 3898 882 3930 me
899 3897 948 3930 non
965 3885 1089 3932 deterrent
1106 3890 1149 3929 out
1172 3881 1310 3936 retardant,
1334 3894 1392 3942 quo-

287 3957 369 4004 Hodie
386 3959 513 4006 tricesima
528 3961 641 4007 sabbata.
674 3960 800 4008 Numerus
841 3961 924 4008 minus
942 3963 1053 4018 audiam,
1069 3961 1134 4023 quod
1150 3965 1242 4007 secreto
1260 3966 1283 4005 te
1294 3973 1391 4006 mecum

252 4037 404 4098 septenarius
421 4053 436 4083 a
457 4038 557 4084 Iudaeis
577 4037 713 4084 habebatur
733 4040 800 4086 omni
841 4039 909 4101 loqui
927 4039 990 4087 velle
1008 4040 1096 4088 aiebas.
1131 4040 1171 4086 Ita
1196 4039 1316 4085 sententia
1341 4053 1391 4085 me-

252 4114 300 4161 alio
317 4117 430 4164 sanctior.
465 4117 578 4179 Apparet
593 4116 620 4163 in
637 4116 676 4164 dic
688 4117 799 4179 septimo,
841 4119 889 4165 lius
905 4120 1019 4168 convenit
1036 4121 1121 4181 poetae
1138 4119 1214 4175 irato,
1227 4131 1302 4179 quam
1314 4118 1391 4164 amico

251 4195 356 4256 septimo
373 4210 468 4250 mense,
485 4195 589 4256 septimo
605 4210 683 4252 anno,
706 4203 799 4257 septem
841 4197 1014 4244 dissimulanti.
1060 4199 1115 4244 Via*
1147 4203 1175 4242 tu
1202 4197 1322 4256 opportere
1346 4209 1391 4257 pro

251 4273 337 4319 diebus
354 4273 409 4320 festi
425 4273 553 4336 paschalis.
587 4274 677 4321 Nescio
694 4290 726 4322 an
743 4276 800 4322 hinc
840 4280 945 4338 oppede,
972 4283 999 4322 ut
1022 4275 1096 4325 Satir.
1114 4289 1143 4322 11.
1162 4289 1199 4322 vr.
1216 4275 1256 4322 92.
1295 4275 1338 4321 Vis
1363 4281 1391 4322 tu

252 4352 368 4399 constitui
388 4354 464 4414 possit
485 4352 614 4400 sabbatum
636 4353 736 4416 aliquod
758 4356 799 4402 tri·
842 4357 949 4404 homiues
978 4359 1109 4417 urbemque
1136 4355 1206 4416 ferio
1238 4369 1392 4416 praeponere

252 4432 377 4478 cesimum.
412 4434 469 4480 Mos
485 4437 551 4479 certe
567 4431 661 4479 sabbati
672 4449 686 4479 a
698 4448 800 4481 numero
819 4424 821 4510 l
841 4436 917 4482 clivis.
