3542 5634
383 516 424 577 92
776 499 1127 571 SATIRARUM

427 693 533 760 Lucili
557 693 639 774 ritu,
664 695 814 756 nostrum
837 687 982 753 melioris
1005 690 1150 769 utroque.

426 798 488 861 Ille
511 796 603 861 velut
625 795 700 860 fidis
724 815 842 859 arcana
865 790 1033 856 sodalibus
1056 789 1136 853 olim
1430 865 1441 876 ·

426 899 585 965 Credebat
607 899 717 980 libris,
742 918 864 982 neque,
890 894 920 959 si-
942 893 1028 957 mule
1051 896 1206 970 cesserat,
1232 909 1389 974 umquam

380 1101 460 1165 Epist.
477 1102 499 1151 1.
516 1116 585 1150 xvrr.
606 1100 643 1149 ll.
679 1100 709 1147 st
730 1097 930 1161 prodessemus,
970 1093 1039 1152 ricis,
1062 1107 1123 1157 quos
1140 1094 1174 1142 ait
1190 1093 1358 1144 Aristoxenus
1375 1095 1444 1143 libris
1461 1110 1522 1158 pro·

377 1181 513 1244 paulisque
524 1180 747 1244 beniquiusipsum
768 1175 799 1223 Te
815 1179 931 1222 tractare
969 1172 1030 1234 priis
1047 1173 1101 1220 vice
1116 1173 1252 1220 amicorum
1268 1187 1326 1221 usos
1350 1177 1428 1222 esse.“
1469 1175 1523 1222 Le-

378 1259 451 1316 vales,
459 1259 558 1307 acerba
568 1260 647 1307 siccus
658 1257 693 1304 ud
700 1260 812 1303 unctum.
830 1252 929 1300 Auctor
969 1253 1079 1314 gendum
1110 1252 1219 1299 ridetur:
1252 1252 1323 1308 „Hoc
1349 1252 1461 1300 Lucilius
1486 1267 1522 1301 ex

380 1333 464 1384 Carni.
473 1336 509 1385 11.
518 1350 557 1385 xr.
568 1337 606 1388 17.
617 1335 699 1383 narde
716 1331 929 1380 Potamusunctr'·
970 1329 1065 1379 Graeco
1092 1330 1180 1389 traxit,
1219 1331 1377 1379 Anacreonte
1412 1339 1436 1380 et
1468 1331 1520 1380 Al-

414 1415 499 1463 Lucilr‘
515 1417 583 1472 ritu,
602 1418 716 1463 metrum
732 1411 843 1458 melioris
859 1413 928 1456 utre
968 1409 1143 1472 eaeolyricis.“
1160 1409 1344 1473 Italoquuntur
1353 1410 1520 1470 scholiastae,

379 1508 433 1554 que.
458 1491 657 1555 Interpretantur
670 1488 781 1536 melioris
799 1487 929 1534 natalibus
969 1494 997 1536 ut
1018 1504 1042 1537 v.
1059 1502 1080 1536 c.
1097 1487 1238 1551 Porphyrio
1261 1490 1293 1536 ad
1310 1504 1346 1537 vs.
1364 1491 1404 1536 42.
1438 1490 1521 1547 „Tra-

379 1577 404 1618 et
421 1585 508 1629 censu,
525 1571 697 1633 simplicioris,
716 1568 771 1615 sim.
805 1566 929 1615 Universe
968 1573 1036 1614 ctum
1054 1581 1087 1614 ex
1105 1565 1200 1615 Graeco
1217 1566 1278 1614 hoc:
1296 1568 1315 1614 d
1333 1567 1501 1618 ἀπόλλοιτο.“

379 1649 461 1711 potius
482 1649 664 1712 accipiendum,
685 1653 713 1694 ut
735 1644 845 1694 Lucretii
864 1643 928 1691 illud
1002 1646 1089 1707 Neque
1105 1646 1127 1691 ri
1144 1647 1209 1693 mule
1220 1652 1329 1706 renuat
1342 1661 1448 1708 usquam
1466 1648 1518 1696 De·

379 1727 520 1776 111.1038.
556 1728 667 1775 lucrina
684 1728 739 1774 suis
755 1727 833 1773 oculte
850 1726 928 1772 etium
968 1735 1073 1770 currens
1091 1722 1154 1781 alie,
1173 1739 1252 1786 reque
1270 1726 1294 1773 si
1312 1727 1377 1774 bene.
1411 1725 1519 1786 Gerere,

379 1809 456 1856 bouus
474 1806 555 1855 Arcu’
567 1806 676 1866 reliquit.
705 1805 758 1862 Qui
768 1803 854 1851 melior
865 1803 928 1849 mul-
967 1799 1090 1858 absolute,
1107 1816 1220 1863 prorem
1235 1817 1383 1864 yerermn
1398 1806 1519 1854 estLati-

379 1887 414 1934 tis
430 1902 506 1948 quum
525 1891 553 1934 tu
562 1883 633 1947 fuit,
644 1885 766 1946 improbe,
778 1884 858 1931 rebus.
875 1881 927 1930 Lu·
967 1894 1041 1939 num;
1058 1881 1080 1927 si
1096 1880 1207 1929 absolute
1223 1883 1282 1943 poni
1299 1883 1409 1942 videtur,
1427 1900 1467 1932 res
1484 1899 1518 1933 ex

378 1964 463 2022 cilius,
480 1964 560 2026 inquit
575 1964 708 2021 Horatius,
726 1963 752 2010 in
765 1960 864 2019 multis,
875 1975 927 2009 om·

378 2043 450 2091 nibus
477 2043 566 2102 rebus,
596 2043 641 2090 tibi
669 2049 693 2090 et
720 2040 782 2088 milri
810 2045 926 2102 praestat.

378 2120 462 2182 Quare
486 2137 537 2170 nou
562 2129 612 2180 est,
639 2135 683 2168 cur
707 2135 755 2183 ego
779 2118 852 2167 illum
874 2132 926 2166 non

377 2202 472 2260 imiter,
489 2215 535 2249 nec
550 2207 579 2248 tu
595 2214 635 2248 me
652 2199 684 2246 ab
699 2199 742 2246 illo
754 2198 873 2245 imitando
884 2197 924 2243 de-

377 2281 519 2328 terrendum
542 2285 620 2341 putes.
654 2276 812 2324 Praestantia
834 2275 926 2323 Lucilii

376 2373 437 2407 mox
453 2359 527 2406 etiam
543 2358 570 2405 in
587 2371 616 2404 eo
632 2357 782 2411 ostenditur,
799 2355 864 2417 quod
881 2369 914 2402 an

376 2443 462 2485 notare
487 2435 591 2494 solebat,
618 2436 738 2498 quidquid
761 2433 834 2492 bene,
852 2432 923 2495 quid·

376 2514 435 2579 qnid
459 2514 525 2562 male
551 2513 653 2563 fecisset.
691 2512 850 2576 Comparatio
875 2512 924 2559 ista

376 2593 468 2656 aliquid
492 2593 645 2655 proverbiale
670 2592 750 2640 habet.
775 2591 849 2639 ,Nota
865 2598 923 2639 suut

375 2671 480 2719 Homeri
489 2672 612 2734 χερείονα,
618 2669 740 2734 ἀμείνονα
746 2666 923 2732 καταπέφνων,

375 2749 460 2798 Plaut.
483 2749 556 2812 Epid.
574 2750 625 2798 ΙΠ,
646 2763 684 2798 1v.
704 2748 741 2798 10.
777 2748 923 2797 strenuiori

375 2830 485 2878 deterior
502 2831 526 2877 si
541 2830 675 2890 praedicat
692 2842 752 2875 suos
767 2841 877 2888 puqurs,
893 2829 924 2876 de

375 2909 447 2956 illius
463 2922 505 2955 ere
514 2906 587 2968 fiunt
603 2907 727 2955 sordidae.
751 2904 809 2954 Liv.
818 2903 922 2954 XXVI.

377 2986 416 3036 15.
448 2988 485 3034 Ut
500 2987 608 3048 ploriari
622 2987 714 3046 possis,
737 2986 815 3033 multu
829 2986 922 3047 sortie-

374 3081 439 3123 rrm,
457 3081 533 3128 quum
556 3067 610 3126 ipsc
626 3079 664 3123 es,
681 3065 765 3112 uirum
781 3066 827 3112 aba
843 3069 868 3112 te
884 3078 921 3112 or·

374 3144 453 3192 cirum
473 3159 531 3194 esse.

407 3224 459 3270 Ille
472 3225 540 3271 velut
546 3223 613 3285 fidu
624 3237 720 3270 arcura
730 3223 855 3270 sodalibus
863 3223 923 3270 olim

967 1959 1165 2007 antecedentibus
1188 1960 1257 2009 facile
1276 1962 1408 2024 cogitando
1427 1967 1518 2026 repeti-

967 2043 1015 2086 tur.
1049 2038 1098 2099 Qui
1110 2039 1261 2087 contrarium
1278 2039 1451 2101 defendebant,
1462 2050 1517 2092 ute-

967 2115 1057 2164 bantur
1076 2117 1132 2166 loco
1152 2118 1279 2168 Ciceronis
1301 2120 1331 2166 de
1350 2119 1405 2169 Fin.
1422 2121 1457 2170 V.
1477 2125 1517 2171 19.

969 2196 1053 2253 Quid,
1074 2198 1141 2258 quod
1160 2199 1271 2247 hominu
1290 2198 1379 2260 infirm
1389 2198 1518 2262 fortuna,

965 2274 1038 2320 nullu
1054 2287 1097 2335 spe
1112 2290 1198 2323 rerum
1216 2277 1394 2338 permdurum,
1416 2279 1518 2342 opifices

965 2353 1082 2414 denique,
1104 2356 1257 2403 arcerentur
1279 2354 1406 2403 historia?
1430 2361 1514 2406 maei-

966 2444 1051 2491 meque
1072 2447 1113 2480 eos
1132 2434 1216 2481 ridm
1230 2447 1360 2494 percursus
1376 2447 1416 2482 res
1430 2440 1517 2495 pertas

965 2512 1055 2558 audire
1070 2517 1096 2559 et
1106 2513 1184 2574 tepere
1194 2514 1268 2570 celle,
1278 2515 1323 2574 qui
1333 2527 1351 2559 a
1360 2527 1404 2574 epe
1413 2517 1518 2574 quenda·

964 2590 1056 2638 absunt
1078 2593 1186 2654 conserti
1208 2595 1349 2641 senectute?
1381 2591 1421 2639 Ibi
1439 2608 1481 2641 res
1500 2608 1515 2642 e

962 2676 1084 2718 commate
1094 2672 1266 2732 praecedente,
1283 2678 1312 2718 ut
1322 2671 1372 2718 iam
1382 2671 1514 2722 Bentleius

963 2748 1152 2807 animadvertit,
1182 2749 1384 2812 subintelligitur.
1426 2752 1515 2816 Atque

963 2826 1021 2876 hinc
1037 2827 1140 2876 fortasse
1156 2828 1303 2890 explicanda
1318 2835 1378 2876 sunt
1392 2828 1437 2876 illa
1453 2829 1511 2880 Sal-

962 2905 1032 2954 lustii
1048 2906 1166 2969 Iugur-th.
1184 2906 1224 2954 85,
1252 2910 1289 2953 Ar
1306 2922 1349 2969 eqo
1364 2909 1428 2964 seio,
1448 2909 1513 2967 Qui-

962 2987 1038 3042 riter,
1067 2987 1124 3048 qui,
1148 2993 1284 3048 postquam
1309 2989 1421 3036 currules
1439 2988 1514 3050 sueti

963 3071 1036 3122 ruat,
1063 3071 1123 3114 urta
1150 3066 1274 3113 maiarum
1301 3071 1327 3113 et
1356 3065 1514 3116 Graecorum

964 3145 1088 3192 nriliturt'rr
1108 3149 1245 3207 praecepta
1270 3146 1348 3206 lepere
1367 3140 1511 3205 coeperint}

963 3223 1072 3271 borsines
1077 3225 1241 3285 praeposteri.
1255 3226 1325 3271 Nam
1335 3238 1427 3285 quere,
1435 3239 1513 3286 quum

376 3299 500 3349 Credebar
517 3303 596 3350 libris.
631 3301 698 3362 Quid
714 3301 773 3349 olim
790 3298 830 3346 hic
845 3299 922 3361 signi-
955 3301 1019 3363 fieri
1033 3304 1171 3364 posterius,
1189 3319 1218 3352 re
1234 3304 1512 3366 atqueusupriusest.

373 3377 437 3434 ficet,
454 3379 517 3427 mihi
529 3394 578 3427 nou
592 3387 699 3443 apparet.
734 3378 798 3426 Tam
815 3378 921 3426 otiosum
963 3378 1063 3428 Cortius
1086 3396 1118 3429 ex
1136 3384 1247 3431 emeres
1257 3382 1330 3445 facti
1348 3383 1436 3446 repetit
1456 3399 1512 3432 ron-

373 3457 477 3514 videtur,
493 3465 520 3506 ut
531 3460 614 3506 versui
625 3466 722 3507 tantum
738 3457 861 3520 explendo
876 3473 920 3520 ap·
961 3462 1086 3519 sulatum,
1099 3462 1164 3524 fieri
1184 3464 1311 3512 consules:
1334 3477 1382 3526 ego
1402 3477 1435 3512 ex
1452 3470 1513 3513 acta

372 3538 478 3598 positum
495 3537 574 3593 dicas,
591 3545 615 3585 et
632 3537 716 3585 abesse
732 3537 813 3599 potius
827 3536 921 3585 malles.
963 3541 1086 3589 rariorum
1102 3547 1186 3602 repeto
1203 3546 1270 3599 acta,
1286 3557 1327 3591 rer
1341 3548 1431 3604 pertus.
1454 3542 1513 3602 Illi,

372 3613 538 3661 Horatianum
556 3621 619 3662 erat:
637 3616 702 3673 Ille,
719 3617 787 3662 uelut
795 3615 861 3676 fidis
877 3617 922 3677 qui
962 3617 998 3664 ait
1013 3618 1123 3678 Marius,
1139 3622 1303 3683 praeposteri,
1323 3620 1415 3669 faciunt
1432 3631 1502 3684 poste

372 3706 469 3739 arcana
485 3693 610 3740 sodrrlibus
625 3695 693 3749 cline,
707 3692 830 3741 Credebut
840 3695 920 3742 libris.
962 3696 1013 3744 rius
1030 3698 1068 3756 id,
1089 3699 1155 3761 quod
1176 3713 1203 3746 re
1223 3705 1297 3763 atque
1317 3716 1364 3748 usu
1380 3702 1450 3763 prius
1466 3711 1511 3751 est.

372 3767 445 3828 Quod
471 3784 543 3833 saepe
568 3769 657 3833 aliquis
683 3771 755 3828 facit,
779 3778 808 3818 ut
831 3785 921 3820 arcana
961 3776 1047 3824 Antea
1070 3776 1192 3826 Consules
1215 3787 1342 3840 creantur,
1364 3796 1441 3844 quarn
1466 3783 1510 3830 ali·

371 3847 427 3896 fidis
444 3848 568 3897 sodalibus
584 3851 680 3907 credat,
698 3849 744 3898 hoc
753 3850 866 3899 Lucilius
882 3852 918 3900 fa-
961 3855 1020 3916 quid
1037 3856 1147 3918 egerint,
1164 3871 1214 3920 quo
1232 3861 1393 3908 ostenderunt
1411 3875 1438 3909 se
1454 3875 1510 3909 con·

351 3928 450 3976 -ciebat
465 3928 546 3988 libris,
560 3936 588 3977 ut
603 3930 632 3978 iis
645 3933 919 3992 suaarcanacrederet,
960 3932 1069 3981 sulatum
1087 3936 1183 3983 mereri.
1218 3937 1274 3984 Nisi
1295 3937 1345 3986 talc
1366 3938 1460 4002 aliquid
1477 3955 1510 3989 ex

370 4007 453 4072 ibique
474 4009 614 4071 deponeret.
645 4009 780 4073 Utriusque
802 4009 919 4074 loquendi
959 4013 1080 4060 sententia
1095 4014 1150 4062 elici
1166 4016 1258 4077 possit,
1277 4033 1361 4079 perere
1381 4026 1419 4066 est
1438 4019 1509 4068 vitio-

370 4087 491 4144 formulae
507 4088 650 4151 exemplum
667 4096 704 4137 est
721 4089 747 4136 in
765 4088 838 4139 Satir.
857 4091 879 4140 1.
901 4106 918 4141 r.
959 4103 1027 4148 snm,
1053 4098 1077 4140 et
1097 4093 1129 4140 ab
1150 4094 1248 4156 optimis
1265 4095 1439 4158 interpretibus
1456 4113 1509 4146 cor·

369 4167 403 4215 23
418 4183 453 4232 sq.
483 4169 524 4217 Ne
534 4171 572 4218 sic
580 4183 740 4230 percurram,
752 4175 782 4218 ut
793 4173 837 4234 qui
852 4172 918 4220 ucu-
959 4176 1066 4228 rectum,
1085 4171 1154 4218 utin
1171 4172 1228 4220 Liv.
1245 4173 1333 4222 XXV.
1350 4177 1390 4224 22.
1408 4183 1432 4224 et
1449 4164 1509 4227 XL.

370 4249 450 4295 laris:
467 4253 504 4305 ct,
521 4253 551 4295 ut
561 4249 647 4310 pueris
658 4249 716 4297 elim
728 4251 792 4297 daut
802 4251 919 4298 crustula
959 4249 998 4300 57.
1019 4249 1062 4298 ubi
1076 4250 1205 4314 legebatur
1221 4268 1339 4316 prospere
1354 4263 1468 4318 cererem
1484 4265 1510 4306 et

369 4327 456 4374 blaudi
472 4328 590 4375 dectores.
958 4343 1077 4390 prospere
1092 4334 1237 4392 persistent,
1257 4333 1350 4381 inserto
1366 4350 1431 4393 rem,
1448 4343 1477 4384 ut
1494 4352 1509 4384 a

401 4404 469 4452 Acro
491 4406 633 4453 annotavit:
655 4404 727 4463 „Hoc
750 4406 864 4456 Lucilius
885 4421 918 4456 ex
958 4409 1114 4468 praecedeuti
1124 4410 1223 4473 syllaba
1233 4411 1403 4475 interceptum.
1420 4415 1509 4464 Ruhn-

369 4482 525 4531 Anacreoute
537 4483 631 4532 Graeco
641 4485 719 4532 traxit
734 4492 758 4532 et
774 4485 867 4536 Alcaeo
878 4486 916 4549 ly·
958 4487 1014 4536 ken.
1034 4490 1064 4536 ad
1084 4488 1154 4538 Vell.
1177 4491 1273 4539 Patere.
1294 4491 1329 4541 IL
1350 4493 1404 4541 102.
1430 4497 1509 4544 utitur
