3542 5634
778 461 1128 526 SATIRARUM

429 644 515 708 Nam
538 643 725 708 Venusinus
750 650 820 708 arat
843 645 944 709 finem
968 645 1028 709 sub
1052 654 1227 729 utrumque
1250 644 1401 726 colonus,

431 744 553 810 Missus
577 744 719 827 adhoc,
744 745 868 830 pulsis,
894 752 988 811 vetus
1012 752 1063 811 est
1085 753 1123 811 ut
1145 745 1250 827 ferna,
1276 746 1433 828 Sabellis,

430 847 502 926 Quo
525 869 566 912 ne
588 869 645 932 per
667 870 807 913 vacuum
831 850 980 914 Romano
1002 850 1182 914 incurreret
1203 848 1325 931 hostis,

431 949 507 1015 Sive
529 949 616 1033 quod
643 948 778 1035 Appula
799 973 881 1036 gens
906 973 964 1016 seu
986 951 1074 1034 quod
1097 951 1242 1016 Lucania
1264 950 1389 1015 bellum

431 1054 597 1117 incuteret
618 1053 773 1118 violenta
823 1053 887 1119 Sed
909 1054 963 1118 hic
987 1054 1084 1119 stilus
1107 1053 1196 1118 haud
1219 1058 1310 1139 petet
1332 1053 1419 1117 ultro

431 1155 635 1240 Quemquam
658 1156 877 1238 animantem,
903 1162 937 1221 et
959 1178 1012 1220 me
1035 1156 1139 1220 veluti
1162 1155 1326 1221 custodiet
1348 1155 1436 1220 ensis

429 1257 559 1343 Vagina
583 1263 708 1335 tectus3
733 1281 830 1343 quern
854 1281 911 1324 cur
935 1259 1136 1344 destringere
1159 1280 1274 1342 coner,

429 1361 532 1425 Tutus
556 1360 597 1424 ab
621 1360 750 1426 infestis
772 1361 976 1427 latronibus?
1022 1362 1051 1428 0
1073 1369 1167 1448 pater
1189 1368 1223 1427 et
1245 1384 1302 1427 rex

430 1462 571 1547 Iupiter,
595 1468 634 1527 ut
656 1468 768 1548 pereat
789 1464 936 1549 positum
959 1465 1111 1550 rubigine
1134 1465 1256 1547 telum,

430 1564 500 1630 Nec
523 1565 696 1651 quisquam
719 1573 836 1632 noceat
858 1568 977 1652 cupido
1000 1567 1084 1632 milri
1106 1568 1214 1653 pacis!
1260 1568 1309 1632 At
1330 1567 1404 1649 ille,

433 1666 497 1746 Qui
520 1690 572 1733 me
595 1669 785 1749 commorit,
809 1670 928 1735 melius
952 1693 1019 1736 non
1042 1683 1176 1756 tangere
1197 1670 1322 1751 clamo,

432 1770 544 1836 Flebit
566 1777 600 1837 et
622 1772 763 1858 insignis
788 1779 859 1853 tota
881 1774 1069 1840 cantabitur
1090 1775 1181 1844 urbe..

433 1871 567 1939 Cervius
592 1875 693 1941 iratus
717 1877 806 1962 leges
830 1877 1004 1943 minitatur
1027 1883 1061 1943 et
1083 1899 1217 1960 urnam,

433 1976 571 2042 Canidia
593 1979 726 2062 Albuti,
751 1980 869 2065 quibus
894 1986 946 2046 est
967 1981 1120 2064 inimica,
1145 2002 1323 2062 venenum,

386 2089 483 2139 colonis
499 2091 616 2151 militari,
637 2101 710 2157 gente
727 2095 788 2143 adeo
804 2094 934 2152 bellicose,
974 2109 1024 2142 non
1036 2100 1137 2157 tanum
1148 2096 1236 2150 clamo,
1247 2095 1339 2142 Flebit.
1365 2091 1436 2140 Ircto
1447 2091 1528 2139 sertor

387 2169 454 2232 pacis
470 2178 555 2220 tamen
569 2187 655 2220 umens
667 2189 738 2234 snm,
754 2174 880 2222 neminem
892 2187 935 2234 ng·
975 2179 1000 2222 et
1015 2173 1125 2221 acerbior
1140 2171 1298 2220 comminatio
1316 2170 1439 2226 convenit,
1450 2185 1528 2232 quarn

387 2250 503 2311 gredicr,
531 2251 580 2298 nisi
607 2251 759 2300 lacessitusf‘
802 2251 936 2301 Rauchen-
976 2266 1019 2314 per
1034 2252 1192 2313 parenthesin
1209 2250 1355 2298 ostenditur.
1384 2250 1419 2298 Et
1433 2251 1529 2297 Melius

386 2327 489 2375 steinins
501 2327 552 2376 fere
569 2329 743 2392 Interpretatus
759 2336 824 2388 eret,
842 2337 869 2377 ut
882 2343 936 2391 ego.
976 2345 1025 2377 rien
1042 2335 1159 2392 torpere!
1180 2330 1255 2377 habet
1276 2343 1387 2376 emeram
1409 2327 1530 2386 ironiam,

423 2407 536 2468 operer
552 2413 576 2454 et
593 2423 639 2456 rec
666 2408 776 2471 Iupiter,
799 2415 828 2455 ut
847 2412 937 2469 pereat
977 2409 1052 2472 inque
1068 2423 1097 2457 co
1114 2417 1152 2457 est
1167 2409 1247 2456 maior
1263 2406 1382 2455 acerbitas
1399 2420 1476 2469 quem
1493 2408 1529 2454 ri-

384 2485 498 2544 positum
522 2487 636 2548 rubipriue
662 2489 746 2536 telum.
788 2487 835 2535 Est
859 2484 936 2535 Celli-
977 2488 1057 2536 detur.
1090 2488 1126 2535 Et
1141 2487 1177 2535 sic
1193 2487 1220 2533 in
1236 2485 1345 2542 Graeco,
1361 2487 1466 2549 ἄμεινον
1483 2488 1527 2546 ἦν.

387 2562 476 2620 machi,
493 2571 521 2612 ut
537 2572 636 2613 notum:
655 2567 700 2614 Ζεῦ
718 2567 811 2629 πάτερ,
835 2565 868 2622 ὡς
885 2569 935 2612 Xa·
976 2566 1083 2614 Lucinn.
1099 2565 1214 2615 Pseudol.
1237 2566 1277 2613 31.
1299 2563 1375 2628 ὁρᾷς,
1403 2564 1437 2620 ὡς
1462 2564 1531 2628 ἄμει-

386 2639 478 2701 λύβων
495 2643 550 2690 πᾶν
566 2642 691 2692 ἀπόλοιτο
709 2644 795 2707 γένος,
812 2643 936 2691 redditum
978 2662 1026 2693 νον
1048 2645 1081 2703 ἦν
1103 2662 1143 2692 σοι
1164 2643 1285 2702 ἀκίνητον
1305 2642 1355 2700 τὴν
1372 2642 1530 2704 Καμαρίναν

387 2733 403 2764 s
414 2717 527 2767 Catullo:
540 2721 656 2782 Iupiter,
671 2727 699 2768 ut
717 2721 857 2783 Chalybum
868 2737 938 2770 omne
978 2723 1039 2787 ἐᾷν,
1062 2723 1124 2787 μηδὲ
1141 2722 1286 2785 κατογελᾷν
1302 2723 1349 2778 τῆς
1365 2718 1530 2782 ἀποφράδος,

387 2811 462 2858 penus
477 2805 574 2857 pereat.
603 2797 645 2846 Illi
661 2797 753 2846 bellum
769 2799 885 2847 universe
902 2800 938 2847 sic
978 2802 994 2861 ἥ
1018 2819 1059 2850 σοι
1080 2798 1218 2864 ἀποφράδα
1233 2799 1280 2847 τὸν
1295 2797 1358 2859 βίον
1374 2797 1438 2846 ὅλον
1453 2796 1528 2861 ἐργά-

388 2875 547 2924 detestsntnr.
581 2876 701 2925 Horatius
723 2876 773 2925 ulio
795 2877 869 2926 modo
890 2879 938 2926 ista
979 2897 1061 2937 cerac,-
1084 2879 1168 2939 Quare
1185 2877 1213 2924 in
1228 2877 1334 2925 Horatio
1350 2876 1461 2924 mallem:
1493 2881 1531 2925 At

387 2953 414 3000 in
430 2968 483 3002 rem
499 2969 570 3003 susm
587 2956 713 3006 convertit.
748 2956 847 3013 Telum,
864 2959 938 3014 ensis;
979 2959 1034 3017 illi,
1055 2959 1108 3016 Qui
1125 2972 1163 3005 me
1183 2959 1326 3012 corruerit,
1349 2957 1456 3014 „melius
1479 2971 1531 3004 nors

387 3031 465 3080 telum
481 3034 883 3099 positum,ensisvaginstcctns,
896 3051 936 3099 pe-
979 3040 1106 3097 tunpere‚“
1122 3038 1208 3084 clamo.
1241 3035 1312 3082 Inter
1327 3033 1435 3082 Acronis
1453 3033 1531 3082 Scho-

388 3119 441 3161 reet
457 3112 579 3176 rubigine.
613 3115 646 3163 In
663 3129 692 3163 eo
707 3116 937 3178 positurumihisc·
978 3114 1013 3161 lis
1029 3121 1054 3162 et
1070 3115 1118 3162 hoc
1133 3113 1238 3176 legitur:
1256 3111 1311 3170 „Ut
1325 3125 1428 3159 menon
1440 3119 1531 3174 tanges

387 3193 419 3240 tis
436 3207 619 3255 supervacuum
640 3194 745 3243 videtur.
778 3194 866 3256 Longe
887 3209 938 3244 me·
979 3193 1019 3240 illi
1035 3192 1139 3241 clamo.“
1166 3190 1226 3239 Vcl.
1238 3189 1342 3239 Flaccus
1354 3190 1441 3239 1256.
1470 3193 1530 3240 Clu·

387 3271 577 3332 liusqupiter,
590 3278 619 3319 ut
631 3275 939 3336 perectpotiusrubrpine
980 3278 1135 3334 montemque
1164 3270 1240 3334 putri
1270 3271 1360 3331 procul
1386 3271 1531 3318 ostentabat

388 3351 473 3398 telum.
505 3350 548 3398 Ex
565 3349 696 3400 POTIUS
713 3351 867 3414 transpositis
884 3351 938 3400 lite·
981 3350 1112 3398 Achillem.

387 3429 421 3476 ris
443 3429 551 3477 nuscitur
567 3427 707 3478 POSITU.
729 3431 861 3479 Neminem
873 3429 939 3479 ultro
1015 3430 1112 3485 Flebit,
1135 3432 1160 3474 et
1184 3427 1291 3488 irrsipm's
1311 3430 1365 3473 tcta
1383 3428 1533 3474 cuniulatus

387 3508 531 3570 aggredior,
548 3514 576 3555 nt
591 3508 838 3559 Venusinumdecct.
863 3510 938 3558 Ensis
980 3509 1047 3554 urbe.
1090 3505 1152 3554 Plus
1182 3510 1266 3552 cutem
1298 3509 1336 3550 est
1368 3506 1531 3562 cantabitur,

387 3601 440 3645 me,
462 3585 539 3634 voluti
555 3586 647 3647 vagina
663 3587 788 3644 conditus,
810 3590 937 3639 custodiet.
979 3599 1054 3648 quem
1079 3583 1141 3632 meis
1171 3581 1319 3630 carminibus
1348 3581 1532 3653 divulgabitur,

388 3664 471 3726 Quem
492 3678 537 3712 cur
553 3665 706 3726 destringere
727 3669 815 3714 coner?
848 3667 938 3716 Pereat
979 3662 1062 3711 fabula
1089 3661 1138 3710 fiet.
1171 3660 1261 3723 Cogita
1283 3677 1308 3709 v.
1326 3674 1347 3708 c.
1367 3660 1441 3719 illud,
1465 3664 1532 3725 quod

387 3742 450 3791 illud
466 3742 546 3790 telum
562 3742 641 3803 potius
657 3743 784 3806 ranginc,
806 3759 852 3793 nec
872 3746 937 3808 quis-
979 3749 1017 3790 est
1044 3742 1110 3806 apud
1139 3742 1173 3790 A.
1205 3741 1267 3791 Geli.
1297 3743 1330 3791 N.
1360 3741 1394 3789 A.
1424 3741 1474 3790 IV.
1505 3756 1532 3790 v.

388 3836 464 3884 quum
480 3820 562 3883 potius
578 3820 640 3867 mihi
657 3829 750 3870 noceat.
783 3824 821 3872 At
837 3823 937 3880 sacilli,
981 3823 1053 3871 Tunc
1070 3823 1163 3884 icitur,
1184 3823 1251 3883 quod
1266 3823 1294 3869 iu
1311 3823 1437 3869 Etruscos
1454 3822 1532 3868 lacru-

388 3899 430 3962 qui
455 3912 495 3946 me
520 3898 662 3955 commorit,
687 3907 712 3947 et
736 3915 820 3949 ensem
845 3903 938 3966 vagina
977 3903 1055 3963 spicer
1076 3902 1141 3948 male
1157 3904 1311 3950 consulentes
1328 3902 1532 3949 urrimudcersum

387 3979 482 4027 nudare
498 3977 614 4040 coegerit.
648 3976 775 4028 Scholium
786 3981 937 4044 Porphyrio-
977 3981 1182 4041 vindicatumque
1192 3979 1300 4042 suerat,
1316 3993 1401 4028 versus
1418 3979 1460 4026 liic
1471 3981 1533 4027 scite

387 4059 425 4106 nis
437 4063 580 4120 corruptum
588 4063 636 4104 est:
654 4058 832 4115 „Tractumex
841 4059 938 4109 Graeco
972 4059 1065 4120 fuctus
1082 4063 1251 4120 cantatusque
1266 4072 1318 4106 esse
1334 4073 1351 4104 ο
1367 4058 1456 4118 pueris
1472 4059 1534 4106 urbe

387 4136 445 4185 hoc:
458 4135 477 4184 ὦ
490 4136 641 4184 ἀπόλλοιτο.
660 4136 725 4185 idern
737 4140 803 4187 cnim
814 4141 937 4203 significat
978 4143 1033 4186 totu
1042 4136 1147 4199 fertur:
1168 4139 1271 4185 illalum
1287 4138 1420 4186 consutum
1430 4138 1529 4185 curicul-

388 4222 417 4263 ut
433 4216 499 4278 quod
515 4215 565 4263 illic
582 4216 614 4274 ὦ,
630 4215 645 4264 i.
663 4218 814 4268 e.utinsm.“
838 4219 936 4283 Legen·
979 4219 1030 4265 tori
1039 4219 1175 4280 pessimum
1186 4221 1230 4264 est.
1242 4215 1284 4264 vel
1295 4217 1378 4278 potius
1387 4216 1533 4277 pessimum,

387 4295 461 4351 dum,
478 4301 507 4342 ut
523 4293 604 4356 quivis
621 4294 701 4353 videt,
718 4297 752 4354 ὡς
771 4295 896 4348 ἀπόλοιτο
913 4307 938 4347 et
979 4303 1008 4344 ut
1024 4303 1049 4343 et
1065 4295 1092 4342 in
1108 4295 1246 4353 Hesiodeo‚
1271 4294 1288 4354 ἡ
1314 4295 1339 4344 δὲ
1364 4295 1428 4351 κακὴ
1444 4291 1531 4354 βουλὴ

389 4371 423 4428 ὡς
439 4373 455 4419 i.
473 4386 494 4420 e.
511 4374 618 4420 utinum.
978 4379 1012 4423 τῶ
1036 4373 1205 4436 βουλεύσαντι
1226 4373 1337 4432 κακίστη.
1371 4373 1406 4421 Et
1427 4372 1533 4420 verbum

421 4452 458 4498 At
480 4451 523 4498 ille
551 4450 604 4508 Qui
626 4468 663 4500 me
684 4457 826 4514 courmorit,
847 4456 936 4504 melius
978 4453 1005 4500 in
1021 4452 1162 4502 huiusmodi
1179 4451 1306 4502 sententiis
1323 4451 1404 4501 omitti
1420 4450 1490 4500 solet.
