3542 5634
664 473 848 536 LIBER
896 474 920 536 l.

270 664 389 745 Cedat,
410 661 459 727 uti
480 659 619 726 conviva
641 666 751 743 satur,
771 660 911 744 reperire
934 681 1100 744 queamus.

269 766 340 831 Iam
364 764 445 831 satis
469 769 528 829 est
554 785 596 827 ne
618 785 672 829 me
693 762 837 848 Crispini
859 762 979 827 scrinia
999 762 1082 848 lippi

270 867 474 953 Compilesse
496 871 609 951 putes,
630 866 765 931 verbum
786 886 852 930 non
873 864 1017 950 amplius
1039 865 1167 930 addam.

223 1003 276 1045 cto:
294 1001 320 1044 et
336 995 377 1044 98.
411 995 449 1044 De
465 999 551 1044 nostro
567 995 658 1043 domno
673 994 773 1056 opiter,
814 991 893 1051 ferus,
910 999 935 1040 et
949 993 1043 1054 perdas
1054 998 1135 1040 mutes
1146 992 1171 1039 in
1181 995 1364 1056 perderemus·

223 1079 314 1139 quibus
330 1091 405 1126 senex
421 1076 533 1137 emeatus
548 1075 669 1136 eripitur.
703 1074 773 1120 Nam
814 1070 906 1119 tentiae
930 1070 1060 1133 utrobique
1085 1072 1144 1120 setis
1169 1072 1237 1120 clara
1258 1074 1363 1122 exsistit.

222 1157 277 1216 ipse
292 1156 360 1204 vitoe
373 1155 464 1216 plenus
482 1157 533 1210 eit,
557 1153 599 1200 eui
616 1152 693 1202 adiici
707 1151 774 1199 nibil
814 1148 902 1212 Atque
918 1148 979 1197 haec
996 1141 1049 1198 ium¹
1062 1149 1199 1210 sufficiant,
1223 1166 1254 1199 ne
1272 1151 1365 1215 Crispi-

223 1235 351 1282 desiderot
368 1247 415 1281 suu
431 1244 535 1290 caussa,
555 1231 600 1278 ced
618 1243 703 1278 eorum
719 1230 773 1290 qui-
813 1240 875 1274 num
886 1226 1032 1289 compilasse
1044 1241 1084 1276 me
1094 1235 1173 1292 putes.
1190 1229 1303 1280 Verbum
1315 1246 1365 1279 non

224 1315 268 1361 bue
288 1314 363 1360 utilis
384 1317 428 1359 eet.
461 1308 549 1370 Neque
569 1307 656 1370 ignote
681 1306 774 1355 locutio
814 1305 921 1368 emplius
938 1307 1364 1374 addem;num‚sieddcrem,opc-

223 1391 356 1439 Hebraeis:
374 1388 463 1454 Genea
481 1385 575 1445 XXV;
599 1386 623 1434 8.
641 1383 774 1434 ἀπέθανεν
814 1398 869 1432 rum
885 1383 974 1432 infelix
993 1387 1128 1448 perderem,
1146 1385 1284 1444 infeliciter,
1297 1389 1364 1438 male

223 1467 350 1533 Ἀβραὰμ,
371 1467 399 1515 ἐν
424 1465 491 1530 γήρᾳ
516 1465 590 1529 καλῷ
611 1463 773 1528 πρεσβύτης,
814 1463 955 1525 perderem:
973 1477 1076 1512 avarum
1093 1478 1143 1511 non
1160 1467 1240 1529 magis
1252 1469 1365 1518 docerem

224 1548 265 1596 eoi
283 1545 384 1610 πλήρης
400 1544 507 1608 ἡμερῶν.
813 1541 905 1588 rationi
926 1555 1024 1604 parere,
1048 1558 1122 1606 quarn
1145 1544 1242 1593 usinum
1264 1545 1364 1595 fraenis·

256 1627 316 1672 Iam
332 1625 398 1672 eatis
414 1629 464 1680 eet,
481 1637 512 1670 ae
528 1637 565 1671 me
584 1621 697 1684 Crispini
713 1622 773 1670 scei-
814 1619 883 1667 Haec
900 1625 937 1667 eet
959 1633 1018 1668 vera
1040 1620 1136 1684 imago,
1158 1637 1218 1671 vera
1239 1637 1363 1688 compere-

223 1704 268 1751 uia
284 1704 350 1765 lippi
373 1701 529 1765 Compitum
548 1705 628 1762 putee.
666 1701 774 1748 Verbum
813 1698 861 1754 tio,
884 1705 909 1746 et
930 1699 1066 1748 sententiae
1090 1701 1212 1763 proverbii
1228 1705 1365 1766 respondet.

223 1797 272 1829 non
294 1780 403 1842 amplius
423 1781 528 1837 addam,
551 1779 651 1842 Inselie
672 1794 774 1841 operam
814 1778 912 1826 Asinus
929 1783 966 1826 est
983 1778 1096 1827 indocilis
1108 1786 1133 1827 et
1143 1788 1285 1831 contumax.
1311 1784 1364 1832 Eti-

223 1861 344 1921 peerem,
362 1863 392 1905 ut
408 1859 431 1905 ei
447 1860 505 1920 quie
521 1859 627 1906 asellum
652 1859 688 1904 In
708 1873 772 1906 eam·
814 1856 875 1903 amsi
892 1856 981 1918 plura,
1004 1871 1079 1919 quem
1102 1857 1183 1906 adhuc
1200 1861 1297 1919 monui,
1314 1875 1364 1909 mo·

222 1953 284 1999 pum
304 1939 390 1986 doceat
410 1943 542 1998 parentem
563 1951 666 1984 currere
679 1935 773 1997 fratis.
814 1950 911 1992 nerem,
928 1949 957 1982 ee
973 1941 1056 1983 temen
1072 1951 1123 1984 non
1140 1936 1243 1997 faceret,
1265 1955 1310 1988 nec
1327 1956 1364 1990 su-

226 2015 254 2064 Si
270 2028 356 2063 versus
372 2028 405 2062 ex
421 2014 546 2077 superiore
559 2013 613 2063 loco
629 2013 677 2061 huc
695 2020 774 2062 trans·
814 2013 907 2061 lutetia
924 2027 976 2061 csse
993 2013 1152 2076 intelligeret.

714 2153 877 2177 -ιοῧθθ--ι

629 2268 863 2333 SATIRA
910 2269 953 2332 Il.

314 2411 582 2489 Ambubaiarum
602 2420 758 2505 collegia,
779 2419 1068 2506 pharmacopolae,

270 2526 431 2610 Mendici,
454 2525 593 2606 mimae,
614 2522 818 2605 balatrones,
840 2522 901 2588 hoc
922 2544 1027 2608 genus
1051 2545 1147 2591 omne

272 2631 436 2695 Moestum
459 2651 496 2694 ae
515 2626 695 2694 sollicitum
719 2630 770 2690 est
793 2626 934 2690 cantoris
959 2631 1063 2692 morte
1086 2627 1221 2712 Tigelli3

271 2732 399 2819 Quippe
425 2731 610 2816 „benignus
632 2732 736 2794 erat.“
784 2727 907 2795 Contra
926 2728 995 2811 hic,
1021 2751 1062 2794 ne
1085 2731 1242 2816 prodigus
1261 2755 1331 2799 esse

272 2835 410 2900 Dicetur
426 2840 596 2916 metuens,
616 2831 708 2917 inopi
732 2831 808 2896 dare
829 2831 914 2897 nolit
934 2832 1056 2915 amice,

270 2937 389 3023 Frigus
417 2959 480 3023 quo
507 2937 685 3020 duramque
708 2935 828 2997 famem
851 2934 1031 3019 propellere
1050 2936 1165 3020 possit.

271 3040 370 3105 Hunc
393 3040 422 3104 si
441 3036 658 3123 perconteris,
685 3035 738 3099 avi
760 3056 817 3100 cur
840 3041 939 3120 atque
958 3037 1103 3121 parentis

271 3141 476 3205 Praeclaram
496 3139 626 3222 ingrata
647 3135 790 3220 stringat
811 3136 919 3201 malus
941 3138 1088 3222 ingluvie
1109 3161 1195 3223 rem,

404 3308 541 3359 SATIRA
558 3306 593 3354 ΠΙ
793 3271 856 3351 lbet
872 3285 985 3326 ventrem
1002 3278 1108 3338 iratum,
1124 3287 1149 3328 et
1165 3279 1237 3328 rebus
1254 3281 1305 3330 suis
1317 3283 1363 3330 ire-

815 3364 855 3405 tus
867 3364 912 3406 cst.
935 3359 1023 3406 Horat.
1037 3358 1112 3408 Setir.
1123 3358 1158 3407 ΙΙ.
1171 3373 1233 3408 vin.
1243 3361 1267 3408 5.
1293 3363 1365 3421 Quae

258 3408 443 3491 Praeclarum
464 3441 567 3499 iuprata
588 3438 702 3498 etriaqat
718 3451 774 3484 mu·
814 3439 900 3498 prima
916 3439 1013 3485 iratum
1032 3444 1142 3486 ventrem
1150 3439 1292 3499 placaverit
1300 3452 1363 3489 esea.

226 3525 266 3571 lue
276 3522 387 3583 inpluoie
397 3533 457 3566 rem.
483 3516 570 3564 Variis
580 3514 660 3562 modis
671 3516 774 3574 iaprata
815 3514 895 3576 Epist.
920 3515 955 3562 II.
978 3528 1008 3562 11.
1026 3515 1067 3563 28.
1090 3515 1160 3564 miles
1183 3515 1283 3565 Luculli
1321 3521 1364 3569 Ve-

226 3601 353 3663 aocipitur.
392 3596 590 3646 commentator:
616 3606 696 3656 „quac
717 3606 772 3640 nor·
815 3595 913 3642 innare
935 3595 1012 3655 lupus
1033 3599 1059 3642 et
1074 3595 1121 3642 eibi
1137 3600 1161 3643 et
1182 3597 1247 3644 boeti
1271 3599 1364 3648 Iratus

226 3694 295 3727 mem
316 3684 341 3726 et
356 3677 458 3724 modum
474 3675 527 3723 sive
544 3673 650 3736 gretiam
666 3685 716 3719 non
732 3670 774 3719 hu·
813 3674 929 3732 pariter,
944 3673 1035 3720 ieiunis
1048 3673 1164 3721 dentibus
1179 3689 1244 3722 acer.
1270 3675 1365 3725 Seneca

225 3759 290 3807 bet.“
317 3751 596 3819 Alii,pratuaulli,h.
609 3749 776 3807 e.illeuduta,
815 3749 889 3811 Epist
912 3750 965 3799 120.
1000 3751 1084 3799 Multi
1104 3757 1177 3810 aaut,
1197 3753 1241 3814 qui
1257 3769 1306 3803 nou
1323 3757 1364 3804 do-

226 3837 270 3885 elii
286 3839 389 3899 iupruta
405 3848 466 3896 erga
482 3845 557 3879 avum
573 3835 598 3877 et
613 3835 718 3891 petrem.
741 3828 776 3876 Et
815 3834 892 3884 nant,
908 3832 952 3878 sed
969 3831 1116 3892 proiiciunt.
1150 3832 1208 3879 Noa
1229 3847 1364 3882 cocceam

226 3915 267 3963 illi
291 3913 399 3978 profecto
420 3911 496 3960 talem
518 3908 626 3971 gratiam
642 3921 687 3968 pro
703 3907 774 3954 indu·
814 3907 955 3965 liberalem,
970 3911 1091 3971 pecuniae
1105 3924 1165 3958 suae
1177 3909 1281 3957 iratum.
1307 3910 1363 3958 Ele-

227 3994 289 4043 striu
304 4009 350 4041 sua
365 3998 390 4040 et
406 3990 491 4038 labore
501 3992 775 4048 nonexspectaverant.
815 3991 904 4045 genter
919 3987 990 4033 irato
1006 3987 1129 4048 inpius-ies
1145 3986 1226 4043 illius,
1252 3988 1295 4050 qui
1311 4003 1363 4036 om·

227 4074 372 4136 Iuplueiee,
392 4069 512 4117 voracitas
535 4065 623 4128 gulae,
645 4064 714 4111 aliud
730 4077 774 4126 po-
814 4064 858 4112 nie
884 4065 987 4112 obsonie
1013 4065 1115 4120 co'emit,
1148 4070 1185 4122 et,
1213 4070 1241 4112 ut
1271 4065 1364 4115 Seneca

227 4152 276 4200 tius
292 4149 418 4214 epitheton
434 4146 557 4209 postulare
573 4144 775 4205 videtur,magis
815 4142 897 4204 Epist.
914 4142 955 4194 77.
972 4142 1044 4191 dicit:
1061 4143 1157 4190 invitm
1172 4145 1295 4205 relinquit
1311 4162 1364 4201 ma.

227 4229 445 4284 Horatianum,ut
451 4225 610 4286 praeclaram
617 4224 688 4270 irate
697 4222 775 4270 stria·
816 4223 918 4277 cellum,
936 4223 963 4268 ia
980 4237 1027 4283 quo
1044 4222 1108 4270 nibil
1125 4221 1235 4283 reliquit.
1271 4222 1363 4276 Poitue

227 4314 271 4372 pai
293 4309 375 4356 nialus
396 4305 505 4366 inpluuie
524 4318 584 4351 rem.
617 4300 713 4358 Helue,
733 4315 775 4348 na·
815 4299 848 4346 ud
868 4313 921 4348 rem
947 4299 1079 4348 transferre
1103 4298 1194 4358 solent,
1219 4303 1284 4362 quod
1309 4319 1363 4366 pro.

228 4395 268 4436 tus
285 4384 422 4440 abdomini,
443 4382 513 4430 erdet
527 4380 661 4443 cupiditate
677 4379 777 4436 edendi,
816 4379 899 4440 prium
916 4383 953 4426 est
975 4378 1081 4426 homini:
1103 4377 1173 4426 velut
1193 4379 1219 4426 in
1242 4380 1288 4428 hoc
1309 4384 1363 4448 ipso

228 4466 393 4529 perdendique
410 4460 707 4521 bonuariteetputerna.
725 4458 776 4505 Ha·
816 4457 949 4515 adieetiva
973 4459 1043 4506 irate
1068 4458 1140 4515 citis,
1164 4473 1265 4518 manue,
1292 4463 1364 4525 ipnie,
